5106 8526
644 849 764 976 ras
906 842 1496 974 Anunrnos
1547 762 1768 974 rra
1808 848 1882 975 11.
1939 892 1993 975 v.
2027 852 2169 979 200.

634 1137 929 1313 Objicitur
949 1137 1149 1307 magis,
1178 1168 1354 1305 atque
1376 1126 1682 1310 inprovida
1702 1168 1940 1308 pectora
1963 1137 2176 1268 turbat.
2371 1130 2373 1136 Α

629 1396 934 1535 Laocoon,
963 1389 1175 1517 ductus
1200 1393 1488 1563 Neptuno
1511 1392 1658 1517 sorte
1680 1392 1960 1538 sacerdos,

629 1648 937 1779 Sollemnis
962 1635 1193 1772 taurum
1215 1646 1512 1816 ingentem
1536 1645 1828 1777 mactabat
1850 1648 1929 1777 ad
1950 1696 2091 1777 aras.
2273 1654 2280 1681 ⁴

629 1909 783 2030 Ecce
805 1934 1002 2030 autem
1025 1902 1241 2072 gemini
1263 1948 1298 2026 a
1321 1900 1571 2028 Tenedo
1594 1904 1903 2077 tranquilla
1924 1954 2031 2079 per
2053 1908 2184 2072 alta,

628 2143 933 2324 (Horresco
956 2154 1225 2321 reserens)
1255 2159 1523 2285 inmensis
1548 2160 1785 2290 orbibus
1809 2207 2025 2333 angues

624 2362 988 2544 Incumbunt
1008 2413 1237 2586 pelago,
1265 2417 1594 2586 pariterque
1618 2414 1694 2544 ad
1716 2416 1885 2546 litora
1907 2416 2187 2546 tendunt:

624 2678 868 2799 Pectora
892 2713 1145 2841 quorum
1167 2669 1318 2795 inter
1338 2669 1550 2799 fluctus
1574 2671 1822 2819 adfecta,
1841 2672 2138 2848 jubaeque
2331 2624 2337 2627 .

627 2927 987 3098 Sanguineae
1010 2927 1355 3096 exsuperant
1376 2926 1590 3055 undas:
1628 2977 1759 3102 pars
1785 2963 1975 3059 cetera
1997 2962 2257 3104 pontum
2511 3046 2512 3119 ᾗ

627 3189 792 3310 Pone
814 3184 969 3355 legit,
989 3173 1340 3352 ¹smuantque
1361 3182 1617 3311 inmensa
1637 3185 1936 3313 volumine
1961 3223 2136 3358 terga.

625 3444 720 3568 Fit
741 3441 976 3583 sonitus,
1003 3440 1306 3611 spumante
1330 3438 1471 3565 salo:
1504 3440 1745 3613 jamque
1768 3488 1903 3567 arva
1925 3442 2224 3585 tenebant,

621 3696 1024 3863 Ardentisque
1046 3693 1247 3821 oculos
1269 3692 1487 3822 suffecti
1508 3697 1780 3864 sanguine
1804 3731 1864 3822 et
1884 3699 2022 3868 igni,

622 3950 801 4080 Sibila
822 3947 1159 4078 lambebant
1185 3951 1394 4120 linguis
1412 3948 1775 4080 ¹vibrantibus
1798 3997 1916 4079 ora.

622 4203 975 4378 Diffugimus
998 4208 1116 4335 visu
1139 4210 1465 4377 exsangues.
1511 4206 1601 4332 Illi
1623 4208 1851 4379 agmine
1880 4244 2048 4337 certo

617 4454 964 4590 Laocoonta
984 4493 1226 4632 petunt:
1264 4462 1324 4588 et
1345 4460 1599 4635 primum
1622 4468 1798 4635 parva
1823 4462 2074 4592 duorum

619 4723 887 4892 Corpora
906 4751 1180 4844 natorum
1201 4719 1428 4889 serpens
1452 4717 1754 4890 amplexus
1778 4752 2024 4893 uterque

616 4975 882 5146 inplicat,
911 4970 971 5101 et
993 4973 1222 5101 miseros
1246 4976 1435 5099 morsu
1459 4972 1780 5148 depascitur
1801 5010 1976 5104 artus.

397 5294 401 5317 =
614 5231 754 5354 Post
775 5231 977 5401 ipsum,
1005 5227 1224 5356 auxilio
1247 5228 1588 5356 subeuntem
1612 5276 1678 5355 ac
1701 5228 1816 5357 tela
1836 5228 2138 5376 serentem,

612 5484 984 5657 Conripiunt,
1010 5484 1286 5656 spirisque
1306 5483 1487 5654 ligant
1507 5485 1865 5657 ingentibus:
1906 5489 2104 5661 etjam

611 5743 708 5868 Bis
731 5736 991 5867 medium
1014 5738 1284 5910 amplexi,
1312 5740 1398 5869 bis
1424 5739 1574 5867 eollo
1596 5744 1865 5911 squamea
1883 5745 2100 5872 circum

609 6001 802 6168 Terga
825 5995 962 6139 dati,
977 5991 1259 6167 ⁸superant
1280 5996 1467 6168 capite
1492 6031 1551 6125 et
1573 5997 1885 6127 cervicibus
1910 5963 2051 6127 altis.

608 6251 713 6379 Ille
734 6252 899 6379 srmul
922 6249 1193 6378 manibus
1214 6248 1402 6378 tendit
1425 6250 1692 6381 divellere
1714 6255 1921 6398 nodos,

607 6504 874 6635 Perfusus
895 6509 1044 6635 sanie
1066 6506 1235 6636 uittas
1259 6542 1500 6675 atroque
1522 6553 1780 6635 veneno:
1938 6636 1942 6641 ,

608 6761 911 6897 Clamores
930 6764 1096 6896 smul
1116 6760 1440 6899 horrendos
1463 6760 1540 6896 ad
1560 6763 1740 6895 sidera
1762 6765 1915 6895 tollit
1943 6914 1947 6925 s
