5106 8526
468 873 1058 1013 AENEIDOS
1114 885 1313 1010 LIB.
1372 884 1475 1010 IV.
1531 910 1760 1053 v.5'91.
1895 925 2021 1057 273

207 1181 342 1320 Hic,
373 1176 479 1303 ait:
523 1208 583 1303 et
605 1176 807 1302 nostris
831 1171 1086 1300 inluserit
1110 1170 1335 1300 advena
1357 1174 1578 1344 regnis?

16 1512 19 1517 >
209 1443 353 1565 Non
378 1479 536 1560 arma
561 1431 895 1605 expedient,
925 1462 1165 1602 totaque
1190 1478 1265 1557 ex
1287 1429 1433 1558 urbe
1455 1433 1782 1602 sequentur,

210 1692 623 1864 Diripientque
645 1721 794 1815 rates
819 1688 912 1813 alii
933 1687 1269 1815 navalibus?
1314 1693 1420 1832 Ite,

168 2090 172 2101 ,
207 1959 377 2081 Ferte
402 1946 501 2073 citi
523 1943 806 2087 flammas,
836 1944 970 2071 date
992 1944 1136 2088 vela,
1158 1945 1417 2117 inpellite
1441 1960 1651 2073 rem'os.
1843 1990 1848 1998 ·

213 2202 382 2377 Qrid
400 2202 640 2371 loquor?
665 2235 765 2329 aut
782 2199 888 2326 ubi
904 2201 1058 2326 sum?
1104 2202 1278 2371 Qrae
1297 2235 1557 2329 mentem
1575 2204 1787 2331 insania
1808 2202 2029 2334 mutat?

210 2462 420 2591 Infelix
445 2459 637 2586 Dido!
676 2505 835 2585 nunc
859 2454 1092 2585 tesacta
1114 2457 1274 2631 inpia
1296 2463 1576 2630 tangunt?

212 2726 376 2848 Tum
400 2715 614 2861 decuit,
644 2762 829 2886 quum
851 2717 1072 2886 sceptra
1095 2711 1290 2842 dabas.
1336 2723 1429 2841 En
1454 2716 1660 2845 dextra
1681 2715 1970 2889 fidesque!

210 2982 416 3148 Quem
436 2976 630 3100 secum
652 2975 870 3146 patrios
894 2974 1059 3146 ajunt
1081 3006 1315 3143 portare
1336 2977 1596 3102 Penatis:

214 3240 417 3403 Qem
438 3228 659 3356 subiisse
682 3228 940 3355 humeris
965 3223 1301 3355 consertum
1326 3263 1514 3357 aetate
1534 3237 1863 3403 parentem!

217 3495 361 3617 Non
382 3487 553 3660 potui
578 3484 887 3658 abreptum
913 3482 1182 3611 divellere
1206 3528 1437 3657 corpus,
1466 3520 1525 3613 et
1548 3490 1723 3616 undis

219 3743 530 3918 Spargere?
567 3788 691 3868 non
711 3741 912 3883 socios,
940 3786 1064 3865 non
1084 3741 1273 3912 ipsum
1296 3740 1592 3871 absumere
1616 3743 1766 3871 ferro

218 4003 557 4142 Ascanium,
586 4000 899 4170 patriisque
924 3990 1285 4168 epulandum
1307 4044 1529 4170 ponere
1552 4004 1791 4130 menfis?

218 4265 447 4388 Verum
472 4303 685 4427 anceps
708 4300 941 4426 pugnae
964 4252 1151 4380 suerat
1173 4252 1420 4382 fortuna.
1463 4212 1692 4387 Fuisset.

223 4486 432 4686 Qrem
448 4514 633 4640 metui
656 4512 987 4637 moritura?
1009 4515 1187 4638 Faces
1210 4512 1273 4637 in
1296 4514 1474 4639 castra
1496 4513 1762 4660 tulissem,

195 4944 200 4951 ¹
224 4768 650 4946 Inpleslemque
671 4766 828 4894 soros
851 4766 1120 4910 flammis,
1148 4803 1473 4939 natumque
1494 4806 1841 4944 patremque

167 5100 171 5109 ·
226 5036 387 5158 Cum
407 5062 616 5199 genere
640 5027 981 5172 exstinxem,
1004 5058 1224 5152 memet
1242 5028 1412 5197 super
1433 5027 1550 5200 ipsa
1576 5026 1869 5159 dedissem.

229 5287 346 5430 Sol,
375 5285 478 5454 qui
499 5315 781 5409 terrarum
803 5282 1054 5410 flammis
1078 5326 1256 5456 opera
1278 5283 1476 5409 omnia
1498 5283 1715 5430 lustraS,

229 5549 446 5712 Tuque
470 5540 677 5669 harum
701 5542 980 5714 interpres
1005 5584 1290 5685 curarum,
1319 5574 1380 5668 et
1402 5544 1626 5737 conseia
1648 5548 1831 5711 June,

231 5800 668 5966 Nocturnisque
691 5798 918 5924 Hecate
942 5798 1118 5924 triviis
1140 5797 1361 5924 ululata
1382 5839 1488 5970 per
1509 5798 1686 5950 urbis,

231 6063 308 6182 Et
333 6058 512 6184 Dirae
535 6054 781 6199 ultrices,
811 6086 870 6182 et
901 6059 1001 6187 DI
1030 6055 1329 6183 morientis
1353 6052 1573 6201 Elissae,

231 6310 517 6483 Adcipite
541 6312 702 6456 haec,
733 6312 1124 6482 meritumque
1146 6312 1312 6438 malis
1336 6311 1624 6439 advertite
1639 6350 1878 6471 numen,

234 6575 311 6696 Et
333 6571 549 6696 nostras
566 6568 771 6697 audite
794 6614 1010 6743 preces⁴
1058 6570 1118 6696 Si
1142 6603 1376 6740 tangere
1400 6603 1603 6739 portus

236 6824 555 6956 Infandum
580 6860 773 7003 caput,
802 6875 870 6956 ac
894 6828 1052 6958 terris
1076 6818 1298 6956 adnare
1315 6825 1536 6956 necesse
1565 6820 1662 6972 esi,

1068 7113 1092 7216 3
1128 7087 1161 7173 Z
