5106 8526
402 866 1030 1051 ¹AENEIDOS
1087 866 1283 994 Llu
1341 864 1447 992 IV.
1510 908 1750 1038 v.223.
1877 903 2011 1042 257

189 1154 365 1287 Vade
388 1204 512 1327 age,
539 1190 695 1302 nate,
721 1201 872 1283 voca
891 1153 1214 1328 Zephyros,
1243 1190 1303 1283 et
1321 1155 1519 1284 labere
1541 1154 1780 1332 pennis:

192 1412 680 1583 Dardaniumque
704 1412 938 1558 ducem,
967 1414 1154 1586 Tyria
1177 1412 1534 1585 Carthagine
1557 1417 1660 1583 qui
1681 1460 1848 1543 nunc

191 1674 522 1846 Exspectat,
549 1667 800 1841 satisque
823 1668 989 1799 datas
1010 1618 1137 1798 non
1158 1671 1386 1844 respicit
1407 1671 1583 1816 urbis,

190 1927 561 2098 Adloquere‚
588 1961 650 2055 ct
672 1925 869 2055 celcris
892 1926 1055 2056 defer
1077 1974 1216 2055 mea
1232 1927 1387 2056 dicta
1408 1968 1516 2102 per
1538 1968 1722 2059 auras.

192 2191 340 2314 Non
361 2184 527 2313 illum
549 2184 721 2313 nobis
743 2187 1008 2355 genetrix
1031 2183 1421 2358 pulcherrima
1442 2186 1624 2315 talem

194 2443 485 2589 Promifit,
514 2442 887 2618 Grajquue
908 2441 1047 2571 ideo
1070 2443 1161 2571 bis
1182 2443 1442 2573 vindicat
1464 2446 1683 2607 armis:

196 2700 320 2831 Sed
341 2698 484 2846 sore,
512 2702 615 2870 qui
636 2698 936 2872 gravidam
957 2701 1231 2873 imperiis,
1256 2699 1533 2872 belloque
1558 2698 1906 2833 frementem

195 2959 427 3087 Italiam
452 2890 693 3132 regeret,
718 3005 902 3130 genus
925 2956 1044 3084 alto
1072 3003 1107 3083 a
1127 2961 1403 3130 sanguine
1427 2960 1646 3088 Teucri

200 3214 502 3359 Proderet,
530 3263 600 3343 ac
622 3247 818 3343 totum
840 3214 945 3342 sub
968 3213 1126 3385 leges
1147 3216 1407 3344 mitteret
1427 3216 1652 3346 orbem.

202 3473 266 3603 Si
286 3470 448 3599 nulla
469 3469 747 3600 adcendit
768 3504 1066 3601 tantarum
1086 3468 1269 3642 gloria
1290 3514 1505 3619 rerum,

202 3737 336 3860 ¹Nec
359 3731 529 3901 super
550 3729 669 3901 ipse
690 3730 790 3854 sua
811 3726 1051 3855 molitur
1071 3726 1250 3855 laude
1271 3729 1532 3857 laborem
1543 3800 1561 3883 ς
1593 3856 1596 3863 ,

202 3987 538 4118 Ascanione
560 4017 730 4159 pater
750 3989 1053 4112 Romanas
1074 3982 1298 4123 invidet
1318 3984 1509 4115 arces?

207 4244 380 4419 Qrid
400 4243 593 4371 struit?
624 4274 727 4371 aut
749 4284 865 4411 qua
886 4244 984 4414 spe
1005 4242 1242 4369 inimica
1263 4244 1325 4370 in
1347 4274 1523 4416 gente
1544 4242 1836 4373 moratur?

208 4510 343 4634 Nec
363 4500 594 4677 prolem
617 4501 966 4644 Ausoniam,
995 4532 1056 4628 et
1078 4500 1324 4628 Lavinia
1345 4501 1573 4675 respicit
1594 4501 1761 4631 arva?

210 4761 485 4932 Naviget.
528 4765 697 4885 Haec
717 4762 944 4885 summa
966 4760 1076 4883 est:
1108 4757 1206 4884 hic
1229 4759 1407 4885 nostri
1428 4759 1671 4887 nuntius
1694 4759 1832 4897 esto.

215 5019 482 5149 Dixerat.
526 5013 631 5141 Ille
654 5012 833 5188 patris
857 5015 1054 5186 magni
1075 5058 1277 5186 parere
1300 5012 1547 5189 parabat

215 5275 504 5450 Imperio:
545 5307 605 5402 et
625 5267 881 5446 primum
905 5269 1158 5446 pedibus
1179 5264 1378 5401 talaria
1397 5270 1583 5399 nectit

217 5543 453 5665 Aurea:
495 5576 645 5701 quae
666 5529 972 5658 sublimem
995 5530 1115 5673 alis,
1140 5531 1256 5659 srre
1279 5568 1534 5700 aequora
1555 5532 1743 5705 supra,
2015 5516 2021 5521 ⁶

221 5797 341 5919 Seu
362 5825 593 5933 terram,
621 5786 828 5962 rapido
851 5788 1068 5960 pariter
1090 5830 1228 5915 cum
1248 5780 1486 5916 flamine
1507 5820 1763 5960 portant

217 6053 387 6177 Tum
410 6047 633 6218 virgam
656 6047 830 6220 capit.
874 6042 1008 6173 Hac
1031 6046 1252 6173 annuas
1274 6044 1370 6172 ille
1393 6078 1603 6175 evocat
1622 6053 1789 6176 Orco

223 6304 499 6434 Pallentis
509 6375 525 6456 3
556 6302 694 6430 alias
713 6300 820 6430 sub
843 6307 1089 6431 Tartara
1108 6302 1285 6432 tristia
1306 6302 1488 6433 mittit
1494 6374 1511 6457 ς

134 6516 143 6527 ⁵
224 6565 354 6691 Dat
373 6565 608 6689 somnos
631 6559 971 6731 adimitque,
997 6592 1059 6689 et
1079 6558 1303 6709 lumina
1326 6593 1517 6693 morte
1536 6562 1800 6737 refignat.

223 6819 337 6948 Illa
358 6817 537 6951 fretus
560 6820 677 6991 agit
695 6852 924 6967 ventos,
950 6851 1011 6949 et
1032 6818 1265 6949 turbida
1288 6852 1480 6949 tranat

1062 7104 1088 7210 3
1122 7080 1164 7169 Τ
