5074 8524
414 905 1733 1076 A,ENE,1uosLIB.1..v.725.
1834 924 1991 1071 '177

182 1202 278 1330 Fit
300 1199 569 1372 strepitus
593 1199 779 1341 tectis,
806 1240 1133 1365 vocemque
1157 1242 1263 1369 per
1283 1195 1480 1370 ampla
1501 1196 1772 1325 volutant

185 1460 388 1586 Atria:
432 1450 773 1628 dependent
795 1449 998 1622 lychni
1021 1451 1390 1622 laquearibus
1414 1455 1598 1581 aureis
1731 1619 1733 1622 ψ

188 1716 430 1858 Incensr,
460 1746 520 1838 et
540 1741 781 1837 noctem
801 1705 1051 1835 flammis
1075 1705 1292 1836 funalia
1314 1710 1577 1840 vincunt.

187 1976 308 2100 Hic
331 1971 528 2143 regina
548 2013 785 2139 gravem
806 1968 1054 2136 gemmis
1077 2013 1337 2136 auroque
1360 1969 1646 2142 poposcit,
1745 2113 1750 2123 ,

189 2226 561 2401 Inpleritque
585 2269 766 2367 mero,
781 2256 1084 2395 pateram:
1125 2270 1304 2392 quam
1329 2224 1522 2370 Belus,
1552 2258 1613 2351 et
1635 2266 1840 2354 omnes

190 2492 256 2610 A
282 2480 426 2610 Belo
448 2481 613 2606 soliti.
660 2483 824 2666 Tum
847 2476 1001 2607 facta
1021 2479 1242 2607 silentia
1264 2484 1459 2608 tectiss

190 2740 484 2912 Juppiter‚
517 2735 859 2907 (hospitibus
882 2783 1021 2862 nam
1043 2771 1103 2864 te
1128 2738 1263 2865 dare
1280 2739 1411 2913 jura
1433 2738 1776 2909 loquuntur)

190 3003 373 3125 Hunc
394 2994 614 3121 laetum
639 2993 954 3164 Tyriisque
980 2991 1138 3121 diem
1156 2995 1460 3170 Trojaque
1484 2988 1760 3170 profectis

194 3249 324 3380 Effe
346 3250 506 3393 velis,
536 3252 878 3417 nostrosque
899 3208 1075 3425 hujus
1098 3249 1417 3379 meminiffe
1442 3254 1714 3380 minores.

197 3507 377 3639 Adsrt
399 3504 651 3632 laetitiae
675 3505 942 3631 Bacchus
967 3503 1161 3659 dator;
1195 3540 1256 3636 et
1279 3506 1438 3635 bona
1461 3514 1642 3676 Juno.

198 3773 278 3893 Et
300 3808 423 3907 vos,
452 3808 508 3906 0,
540 3794 795 3904 coetum,
827 3763 1016 3932 Tyrii,
1046 3761 1333 3891 celebrate
1355 3765 1633 3893 faventes.

202 4020 393 4162 Dixit,
408 4051 482 4144 ‘et
504 4018 565 4142 iu
590 4021 843 4142 mensam
867 4016 1108 4143 laticum
1132 4019 1337 4148 libavit
1358 4020 1664 4165 honorem,

204 4278 517 4441 Primaque
539 4271 722 4400 libato
745 4274 973 4398 summo
998 4306 1169 4401 tenus
1194 4273 1400 4446 adtigit
1423 4323 1541 4405 ore.
1595 4375 1599 4383 -

202 4534 368 4658 Tum
394 4530 578 4656 Bitiae
603 4527 767 4657 dedit
787 4520 1154 4702 increpitans.
1202 4531 1306 4658 Ille
1335 4534 1562 4705 inpiger
1582 4533 1770 4663 haufit

208 4796 597 4961 Spumantem
620 4818 899 4957 pateram,
929 4819 989 4912 et
1010 4787 1190 4959 pleno
1212 4789 1267 4915 se
1290 4790 1508 4962 proluit
1530 4838 1689 4919 auru.

206 5049 350 5170 Post
373 5040 467 5167 alii
491 5074 775 5214 proceres.
823 5040 1064 5169 Cithara
1087 5042 1323 5170 crinitus
1347 5048 1523 5218 Iopas

209 5302 488 5427 Personat
510 5328 726 5442 aurata,
758 5295 966 5424 docuit
987 5344 1138 5469 quae
1161 5345 1476 5427 maxumus
1500 5302 1691 5431 Atlas.

208 5558 329 5684 Hic
354 5556 511 5682 canit
533 5587 819 5683 errantem
844 5554 1065 5701 lunam,
1092 5507 1343 5727 solisque
1360 5557 1621 5712 labores3·

209 5810 390 5938 Unde
410 5813 722 5939 hominum
742 5859 943 5997 genus,
963 5846 1023 5940 et
1042 5810 1326 5986 pecudes;
1357 5814 1519 5944 unde
1540 5814 1744 5962 imber,
1763 5850 1823 5945 et
1839 5820 2025 5992 ignes3

211 6052 561 6212 Arcturum,
589 6069 933 6241 pluviasque
955 6070 1217 6241 Hyadas,
1245 6073 1629 6256 geminosque
1653 6077 1932 6204 Triones:
2074 6114 2078 6119 ·

212 6323 387 6493 Qrid
411 6356 642 6451 tantum
667 6334 913 6454 Oceano
936 6363 1253 6501 properent
1274 6333 1328 6457 se
1353 6332 1614 6502 tinguere
1636 6332 1781 6461 soles
1933 6408 1946 6431 ·

212 6579 484 6726 Hiberni,
512 6580 606 6708 vel
630 6632 780 6754 quae
804 6583 979 6712 tardis
1004 6633 1166 6716 mora
1189 6589 1463 6717 noctibus
1487 6587 1692 6718 obstet.

218 6840 589 7008 Ingeminant
611 6840 814 7012 plausu
840 6844 1027 7015 Tyrii,
1057 6849 1365 7016 Troesque
1388 6851 1720 7019 sequuntur.

1060 7129 1083 7188 2
1117 7106 1155 7185 r
