5202 8512
466 899 953 1028 GEORG.
1039 898 1277 1025 L-IB.
1350 900 1395 1024 Ι.
1481 941 1718 1070 v.131.
1912 942 1998 1072 53

185 1188 488 1358 Mellaque
512 1183 750 1317 decuffit
773 1186 938 1333 soliis,
967 1188 1280 1358 ignemque
1302 1187 1567 1339 removit,

185 1453 267 1575 Et
290 1442 490 1620 passrm
512 1447 644 1573 rivis
668 1444 957 1572 currentia
977 1444 1112 1572 vina
1133 1438 1414 1617 reprellit:

183 1707 275 1831 Ut
296 1705 478 1832 varias
502 1704 633 1830 usus
657 1700 1001 1831 meditando
1025 1702 1373 1831 extunderet
1395 1704 1529 1829 artis

187 1960 518 2106 Paullatim,
547 1991 607 2085 et
628 1959 789 2088 sulcis
814 1958 1091 2086 frumenti
1114 1992 1417 2129 quaereret
1439 1955 1712 2088 herbam:

186 2224 277 2345 Ut
298 2216 460 2346 silicis
481 2218 642 2343 venis
667 2215 979 2342 abstrusum
1005 2214 1320 2343 excuderet
1344 2216 1557 2385 ignem.

190 2481 369 2604 Tunc
393 2474 554 2602 alnos
578 2474 834 2644 primum
856 2470 1017 2601 fluvii
1038 2473 1252 2600 sensere
1277 2506 1530 2601 cavatas:

194 2734 410 2860 Navita
432 2764 560 2856 tum
582 2729 751 2858 stellis
774 2776 1047 2857 numeros
1071 2763 1131 2856 et
1152 2731 1390 2857 nomina
1412 2726 1567 2874 fecit,

195 2986 479 3131 Pleiadas,
509 2984 772 3156 Hyadas,
802 2985 1131 3165 claramque
1154 2986 1448 3159 Lycaonis
1470 2990 1720 3115 Arcton.

194 3251 360 3373 Tum
382 3243 601 3411 laqueis
624 3275 857 3415 captare
881 3240 1045 3388 feras,
1074 3278 1134 3370 et
1158 3241 1353 3370 fallere
1374 3241 1543 3386 visen,

193 3504 538 3633 Inventum:
575 3532 634 3626 et
657 3545 899 3671 magnos
923 3498 1163 3628 canibus
1186 3496 1549 3626 circumdare
1571 3497 1760 3629 saltus.

195 3765 406 3926 Atque
429 3755 573 3886 alius
595 3754 781 3885 latum
806 3754 991 3884 sunda
1007 3759 1132 3935 jam
1154 3755 1420 3886 verberat
1441 3802 1695 3904 amnem,

195 4013 344 4142 Alta
367 4043 598 4184 petens:
640 4012 968 4184 pelagoque
990 4013 1132 4140 alius
1155 4013 1332 4139 trahit
1352 4012 1598 4145 humida
1619 4015 1755 4149 lina¹

197 4274 362 4397 Tum
385 4264 517 4396 ferri
539 4269 708 4440 rigor,
737 4304 913 4438 atque
937 4298 1174 4441 argutae
1196 4268 1408 4397 lamina
1430 4269 1636 4401 serrae:

48 4662 51 4671 ,
199 4531 381 4690 (Nam
404 4524 577 4696 primi
600 4523 796 4653 cuneis
819 4522 1156 4654 scindebant
1175 4519 1332 4651 fiffile
1353 4522 1617 4696 lignum.)
1797 4552 1801 4561 ’

197 4787 363 4911 Tum
385 4782 574 4908 variae
596 4828 808 4908 venere
828 4814 996 4915 artes.
1040 4779 1242 4909 Labor
1263 4783 1461 4917 omnia
1483 4780 1622 4913 vicit

199 5034 509 5210 Inprobus,
538 5069 598 5162 et
620 5034 776 5164 duris
798 5071 1052 5207 urguens·
1070 5038 1134 5162 in
1154 5036 1327 5202 rebus
1351 5040 1583 5208 egestas

204 5294 398 5421 Prima
423 5297 600 5420 Ceres
623 5289 774 5421 ferro
798 5291 1054 5421 mortalis
1076 5324 1298 5421 vertere
1321 5329 1533 5422 terram

202 5548 481 5679 Instituit:
524 5594 710 5718 quum
724 5549 848 5723 jam
870 5547 1108 5722 glandes
1133 5581 1309 5725 atque
1332 5547 1537 5679 arbuta
1563 5550 1749 5681 sacrae

204 5805 541 5935 Deficerent
562 5804 749 5950 silvae,
778 5838 837 5933 et
857 5806 1078 5935 victum
1105 5807 1364 5936 Dodona
1393 5842 1644 5979 negaret.

203 6066 358 6191 Mox
383 6092 443 6190 et
464 6059 769 6194 frumentis
791 6060 957 6191 labor
978 6061 1238 6195 additus:
1277 6095 1347 6191 ut
1368 6063 1522 6193 mala
1544 6066 1768 6195 culmos

190 6288 359 6445 ffit
379 6317 601 6491 robigo,
627 6321 927 6491 segnisque
950 6322 1210 6451 horreret
1230 6320 1294 6447 in
1316 6322 1462 6449 arvis

207 6571 496 6701 Carduus.
541 6579 842 6705 Intereunt
863 6578 1105 6750 segetes:
1145 6552 1296 6708 subit
1317 6583 1513 6752 aspera
1536 6578 1689 6725 silva,

205 6834 563 7012 Lappaeque
587 6832 925 7007 tribulique:
965 6836 1232 7008 interque
1253 6836 1496 6968 nitentia
1518 6835 1674 6968 culta

1092 7098 1132 7180 o
