5074 8524
434 861 1075 1025 Aruernos
1129 878 1336 1025 ern
1405 902 1449 1025 1.
1515 903 1749 1068 ως.
1893 938 2031 1070 ης

41 1341 42 1344 ¹
195 1189 325 1317 Nec
349 1188 541 1314 minus
565 1189 783 1315 interea
804 1187 965 1313 sociis
989 1183 1065 1312 ad
1087 1185 1255 1313 litora
1278 1190 1456 1316 mittit
1749 1182 1756 1187 ’

193 1447 415 1618 Viginti
437 1478 649 1590 tauros,
678 1491 1025 1615 magnorum
1048 1444 1341 1571 horrentia
1364 1472 1602 1573 centum

46 1826 47 1831 Ν
191 1705 387 1875 Terga
409 1706 594 1848 suum,
621 1703 852 1875 pinguis
876 1733 1114 1828 centum
1138 1748 1274 1827 cum
1298 1696 1577 1831 matribus
1602 1744 1780 1872 agnos

190 1965 460 2103 Munera,
488 1958 885 2128 laetitiamque
908 1957 1019 2085 dei.

191 2224 284 2343 At
307 2214 519 2343 domus
543 2216 780 2342 interior
801 2214 975 2386 regali
996 2213 1296 2388 splendida
1318 2215 1481 2343 luxu

190 2459 509 2618 Instruitur,
539 2471 861 2643 mediisque
885 2505 1095 2645 parant
1116 2474 1385 2599 convivia
1407 2473 1590 2603 tectis,

191 2735 344 2856 Arte
366 2728 659 2857 laboratae
682 2731 881 2871 vestes,
910 2732 1181 2899 ostroque
1204 2729 1481 2902 superbo:

190 2991 403 3155 Ingens
426 3019 730 3159 argentum
755 2989 978 3129 mensu,
1008 2984 1340 3156 caelataque
1361 2986 1424 3112 in
1447 3029 1589 3109 auro

188 3243 383 3367 Fortia
406 3239 557 3369 facta
579 3277 831 3415 patrum,
858 3244 1021 3368 series
1045 3238 1594 3414 longilhrnarerum,

191 3501 304 3625 Per
325 3530 418 3625 tot
440 3496 618 3626 ducta
639 3502 791 3625 viros
816 3500 1090 3667 antiquae
1113 3497 1188 3625 ab
1211 3500 1431 3671 origine
1459 3497 1662 3670 gentis,

279 3762 516 3882 Aeneas
534 3762 759 3925 (neque
783 3755 939 3881 enim
964 3756 1182 3928 patrius
1206 3757 1505 3884 consistere
1531 3786 1793 3882 mentem

191 4008 389 4137 Paffus
414 4020 597 4176 amor)
628 4009 900 4183 rapidum
924 4009 1000 4137 ad
1022 4012 1182 4140 naris
1205 4012 1526 4187 praemittit
1549 4010 1844 4154 Achaten,

191 4270 448 4395 Ascanio
471 4265 617 4395 ferat
638 4267 808 4418 haec3
840 4268 1148 4439 ipsumque
1171 4269 1247 4399 ad
1269 4269 1502 4398 moenia
1525 4268 1719 4396 ducat.

190 4524 405 4655 Omnis
426 4526 489 4650 in
512 4525 767 4651 Ascanio
791 4524 905 4649 cari
928 4527 1036 4653 stat
1061 4520 1490 4701 cura‘parentis.

189 4787 445 4909 Munera
465 4815 778 4955 praeterea,
807 4779 991 4909 Iliacis
1016 4817 1214 4957 erepta
1236 4785 1432 4927 ruinis,

193 5041 365 5166 Fene
379 5035 551 5213 jubet
559 5110 574 5191 3
607 5035 1014 5211 pallamsrgnis
1039 5086 1298 5209 auroque
1320 5040 1620 5212 rigentem,

189 5297 268 5419 Et
290 5295 739 5422 circumtextum
764 5339 970 5422 croceo
993 5293 1261 5423 velamen
1284 5296 1557 5442 acantho,

192 5556 452 5678 Ornatus
476 5553 734 5724 Argivae
763 5526 1053 5680 Helenae:
1086 5600 1236 5724 quos
1259 5553 1355 5682 illa
1378 5556 1684 5727 Mycenis,-

191 5812 475 5977 Pergama
497 5856 681 5977 quum
705 5839 949 5982 peteret,
975 5807 1450 5982 inconcellosque
1473 5817 1873 5983 Hymenaeos,
1953 5938 1956 5943 ,

191 6063 511 6210 Extulerat,
541 6067 736 6193 matris
760 6066 961 6195 Ledae
984 6068 1244 6196 mirabile
1268 6068 1513 6196 donum.
1587 6084 1590 6089 ’

194 6325 499 6448 Praeterea
519 6318 825 6495 sceptrum,
856 6324 1040 6453 Ilione
1065 6324 1230 6495 quod
1250 6322 1490 6497 gellerat
1512 6326 1671 6474 olim,

193 6582 483 6705 Maxuma
504 6614 774 6707 natarum
799 6584 1029 6728 Priami,
1060 6582 1329 6753 colloque
1354 6583 1570 6710 monile

195 6836 527 6984 Baccatum,
558 6871 617 6968 ct
641 6838 937 7012 duplicem
961 6844 1204 7011 gemmis
1229 6888 1488 7012 auroque
1515 6887 1813 6970 coronam

1037 7124 1059 7187 2
1094 7101 1133 7180 X
