5074 8524
684 850 777 1017 84⁴
953 846 2240 1022 GEORG.LIB.11.v.315.

772 1142 902 1267 Nec
923 1137 1028 1266 tibi
1051 1169 1172 1265 tam
1194 1134 1454 1309 prudens
1479 1138 1779 1311 quisquam
1801 1136 2144 1331 persuadeat
2164 1177 2354 1295 auctor,

683 1395 981 1524 Tellurem
1006 1402 1190 1522 Borea
1213 1393 1456 1565 rigidam
1476 1396 1723 1567 spirante
1747 1398 1985 1522 moveri.

684 1656 849 1780 Rura
870 1653 1004 1824 gelu
1024 1686 1155 1779 turn
1178 1650 1394 1780 claudit
1416 1650 1634 1779 hiems:
1675 1699 1785 1779 nec
1805 1653 2020 1781 semine
2035 1652 2199 1827 jacto

685 1916 1038 2039 Concretam
1059 1907 1277 2081 patitur
1298 1906 1552 2036 radicem
1574 1907 1824 2079 adfigere
1847 1944 2049 2039 terraer

681 2168 930 2338 Optima
951 2166 1157 2293 vinetis
1179 2164 1339 2308 satio,
1368 2209 1553 2333 quum
1574 2209 1706 2292 vere
1727 2163 1963 2292 rubenti

686 2421 958 2551 Candida
978 2421 1295 2565 venit‘avis,
1322 2420 1508 2592 longis
1531 2420 1706 2548 invisa
1728 2420 2007 2548 colubris:

417 2792 426 2803 .
684 2678 880 2806 Prima
900 2677 994 2805 vel
1018 2679 1284 2805 autumni
1303 2678 1407 2805 sub
1432 2674 1660 2847 frigora,
1688 2723 1874 2846 quum
1895 2676 2134 2849 rapidus
2158 2680 2235 2805 sol
2445 2624 2446 2703 t

684 2934 976 3083 Nondum
998 2935 1253 3062 hiemem
1275 2934 1559 3103 contingit
1581 2934 1760 3103 equis,
1779 2935 1904 3108 jam
1927 2937 2201 3106 praeterit
2220 2939 2366 3065 aestas.

683 3195 805 3319 Ver
828 3193 976 3318 adeo
1000 3187 1194 3316 frondi
1215 3234 1541 3335 nemorum,
1567 3186 1669 3316 uer
1688 3188 1831 3315 utile
1852 3187 2027 3317 silvis:

683 3452 839 3576 Vere
861 3482 1093 3576 tument
1114 3481 1315 3591 terrae,
1342 3478 1403 3573 et
1424 3442 1693 3617 genitalia
1713 3447 1927 3573 semina
1950 3449 2211 3619 poscunt.
2269 3588 2273 3595 ³

682 3706 847 3830 Turn
873 3710 1046 3831 Pater
1066 3705 1440 3875 omnipotens
1462 3700 1727 3830 fecundis
1751 3701 2031 3833 imbribus
2054 3703 2275 3836 Aether

682 3961 963 4135 Conjugis
986 3962 1048 4086 in
1068 3962 1354 4131 gremium
1375 3957 1559 4086 laetae
1582 3957 1893 4105 descendit,
1922 3994 1984 4089 et
2004 4007 2211 4093 omnes

439 4252 441 4269 '
681 4224 937 4390 Magnus
962 4217 1077 4361 alit,
1107 4264 1319 4388 magno
1343 4216 1697 4343 commixtus
1720 4263 1978 4391 corpore,
2005 4216 2215 4375 foetus,

679 4475 839 4604 Avia
861 4508 987 4601 tum
1007 4477 1276 4600 resonant
1296 4470 1766 4642 aribus·virgulta
1788 4476 2027 4618 canoris,

681 4733 761 4858 Et
779 4736 1072 4858 Venerem
1096 4731 1261 4855 certis
1283 4760 1558 4899 repetunt
1579 4762 1843 4857 armenta
1860 4729 2093 4863 diebus:

680 4988 933 5115 Parturit
954 4987 1138 5114 almus
1159 5032 1312 5157 ager,
1340 4985 1709 5158 Zephyrique
1730 4988 2066 5159 tepentibus
2086 4989 2239 5123 auris

675 5250 911 5371 Laxant
934 5286 1072 5371 arva
1092 5246 1272 5371 smus:
1314 5244 1543 5414 superat
1561 5276 1727 5371 tener
1743 5245 2015 5376 omuibus
2037 5248 2291 5392 humore

675 5503 866 5670 Inque
888 5546 1072 5626 novos
1093 5501 1246 5627 soles·
1255 5496 1479 5627 audent
1498 5501 1553 5626 se
1572 5500 1832 5672 germina
1854 5535 1987 5631 tuto
2096 5650 2103 5663 ,

675 5756 958 5888 Credere:
990 5803 1100 5883 nec
1123 5756 1331 5884 metuit
1351 5757 1626 5928 surgentis
1648 5756 1967 5931 pampinus.
1982 5763 2254 5901 Aumou

493 6086 505 6101 ·
670 6024 808 6142 Aut
830 6050 1027 6142 actum
1049 6014 1214 6141 coeio
1237 6015 1458 6183 magnis
1482 6012 2175 6184 Aquilonibusimbrem:

677 6272 796 6398 Sed
817 6270 1000 6399 trudit
1020 6308 1296 6443 gemmas,
1325 6303 1386 6398 et
1406 6267 1629 6401 frondis
1650 6270 1902 6444 explicat
1922 6276 2148 6407 omniu.

669 6530 816 6656 Non
837 6527 976 6657 alios
1000 6529 1186 6701 prima
1209 6530 1503 6656 crescentis
1526 6528 1746 6699 origine
1769 6527 1979 6663 munds·

668 6782 941 6942 Inluxiffe
964 6785 1102 6928 dies,
1132 6785 1383 6914 aliumve
1402 6782 1948 6923 habuissetenorem
