5106 8526
453 921 1039 1057 AENEIDOS
1097 923 1291 1047 LIB.
1351 922 1425 1046 11.
1491 968 1545 1047 v.
1581 964 1725 1091 223.
1880 928 2005 1097 189

192 1208 397 1382 Qalis
421 1212 693 1381 mugitus,
722 1209 871 1380 fugit
893 1257 1077 1379 quum
1100 1210 1319 1336 saucius
1343 1257 1500 1337 aram

191 1473 440 1612 Taurus,
472 1499 530 1593 et
553 1469 833 1593 incertam
859 1464 1098 1593 excuffit
1123 1468 1345 1593 cervice
1366 1467 1625 1594 securim.

189 1733 281 1851 At
301 1724 518 1894 gemini
543 1722 699 1849 labsu
725 1721 966 1850 delubra
990 1724 1065 1851 ad
1086 1728 1311 1849 summa
1335 1722 1615 1853 dracones

187 1977 507 2151 Effugiunt,
535 1983 849 2148 saevaeque
871 2012 1084 2152 petunt
1106 1981 1431 2108 Tritonidis
1456 2029 1677 2108 arcem:
1753 2131 1756 2136 Ι
1844 1944 1850 1950 ¹

189 2237 312 2363 Sub
336 2233 705 2408 pedibusque
728 2235 888 2378 deae,
919 2237 1203 2409 clipeique
1225 2236 1329 2361 sub
1353 2235 1495 2363 orbe
1519 2272 1810 2409 teguntur.
1964 2264 1968 2270 ’

184 2494 350 2619 Tum
374 2539 513 2619 vero
536 2489 872 2618 tremefacta
895 2538 1082 2620 novus
1106 2540 1212 2663 per
1232 2527 1470 2664 pectora
1501 2499 1726 2624 cunctis
1836 2582 1840 2589 -

185 2754 444 2876 Insmuat
466 2795 675 2920 pavor:
717 2779 777 2874 et
796 2748 974 2891 scelus
999 2747 1332 2920 expendisse
1357 2783 1678 2878 merentem
1752 2771 1758 2778 ’

181 3013 529 3132 Laocoonta
551 3004 768 3156 ferunt3
787 2972 1024 3130 'sacrum
1049 3006 1152 3174 qui
1176 3006 1408 3177 cuspide
1430 3006 1632 3137 robur

180 3264 451 3406 Laeserit‚
483 3298 542 3389 et
565 3296 726 3431 tergo
750 3259 1079 3387 sceleratam
1101 3261 1383 3388 intorserit
1404 3261 1642 3388 hastam.

182 3517 551 3673 Ducendum
576 3516 653 3673 ad
674 3515 832 3669 sedes
854 3514 1242 3661 stmulacrum
1271 3517 1610 3687 orandaque
1633 3516 1802 3649 divae

181 3779 447 3903 Numina
472 3773 858 3901 conclamant.

179 4031 517 4160 Dividimus
534 4076 757 4173 muros,
785 4062 844 4155 et
868 4030 1100 4155 moenia
1121 4030 1434 4202 pandimus
1456 4030 1634 4159 urbis.

176 4289 534 4459 Adcingunt
556 4332 762 4412 omnes
785 4286 964 4459 operi,
994 4280 1362 4456 pedibusque
1385 4321 1645 4414 rotarum

144 4663 150 4675 .
178 4544 512 4719 Subjiciunt
538 4540 743 4687 labsus,
772 4574 833 4668 et
853 4543 1098 4712 stuppea
1119 4541 1355 4668 vincula
1378 4542 1534 4668 collo

176 4800 522 4928 Intendunt.
568 4797 808 4927 Scandit
829 4796 1016 4927 fatalis
1039 4740 1311 4925 machina
1334 4844 1552 4943 muros,

176 5063 362 5184 Foeta
385 5057 572 5182 armis.
619 5055 794 5179 Pueri
818 5053 1037 5179 circum
1061 5055 1460 5239 innuptaeque
1482 5055 1713 5228 puellae
1743 5086 1747 5091 ’

177 5321 351 5441 Sacra
375 5343 611 5453 canunt,
639 5307 959 5479 funemque
982 5355 1163 5449 manu
1186 5311 1521 5481 contingere
1543 5310 1817 5482 gaudent.

176 5569 285 5695 llla
305 5569 477 5725 subit,
496 5567 845 5737 mediaeque
868 5567 1096 5693 minans
1118 5564 1395 5694 inlabitur
1416 5566 1565 5694 urbi.

175 5832 239 5953 O
263 5827 464 5996 patria,
493 5868 530 5949 o
559 5825 785 5971 Divdm
812 5824 1022 5951 domus
1043 5822 1233 5968 Ilium,
1263 5856 1323 5951 et
1344 5823 1564 5995 inclyta
1593 5823 1751 5952 bello

172 6082 420 6209 Moenia
445 6078 878 6208 Dardanidum!
917 6115 1121 6249 quater
1142 6081 1263 6251 ipso
1287 6082 1349 6206 in
1369 6081 1569 6208 limine
1591 6111 1796 6253 portae

173 6337 456 6481 Substitit,
486 6372 660 6505 atque
682 6369 851 6465 utero
871 6338 1125 6462 sonitum
1150 6368 1353 6505 quater
1376 6364 1536 6465 arma
1559 6336 1789 6465 dedere.

171 6598 461 6722 Instamus
485 6629 683 6722 tamen
705 6595 1053 6720 inmemores
1079 6596 1350 6785 caecique
1373 6595 1583 6753 furore,
1792 6619 1796 6631 '

170 6853 253 6978 Et
276 6856 595 6980 monstrum
619 6849 823 6981 infelix
845 6855 1058 6979 sacrata
1076 6851 1316 6982 fistimus
1340 6901 1506 7043 arce.¹
1540 6996 1545 7003 ,

1009 7134 1033 7237 3
1068 7108 1102 7189 B
