5074 8524
420 885 1733 1058 nuuu.1nosnru.r..v.541.
1864 893 1988 1062 169

175 1174 336 1305 Bella
360 1174 531 1319 cient,
563 1174 865 1346 primaque
888 1204 1089 1300 vetant
1110 1158 1407 1302 consrstere
1429 1208 1595 1304 terra.
1797 1164 1805 1179 ’

175 1435 237 1561 Si
258 1468 440 1604 genus
464 1431 790 1556 humanum
812 1461 872 1556 et
895 1430 1155 1558 mortalia
1176 1433 1430 1608 temnitis
1455 1477 1611 1558 arma
1619 1502 1637 1586 ς

171 1699 267 1817 At
287 1691 507 1861 sperate
531 1684 672 1814 deos
696 1730 984 1813 memores
1006 1684 1167 1813 fandi
1188 1719 1364 1857 atque
1386 1686 1653 1819 nefandi.

171 1952 309 2074 Rex
333 1978 454 2072 erat
476 1951 712 2070 Aeneas
736 1882 921 2086 nobis,
951 1988 1071 2111 quo
1087 1944 1292 2118 justior
1313 1945 1455 2073 alter
1641 1937 1647 1947 ’

171 2206 304 2328 Nee
326 2202 541 2374 pietate
567 2195 693 2342 fuit,
720 2245 830 2325 nec
852 2197 1007 2325 bello
1030 2199 1214 2374 major
1237 2233 1297 2325 et
1319 2203 1506 2329 armis.

173 2448 375 2629 Qrem
398 2460 440 2582 fi
464 2454 581 2582 fata
601 2455 790 2584 virum
813 2456 1052 2598 servant,
1079 2457 1383 2584 fivescitur
1406 2502 1543 2584 aura

169 2686 475 2871 Aetheria,
502 2757 695 2881 neque
719 2710 911 2838 adhuc
935 2709 1262 2859 crudelibus
1286 2712 1536 2843 occubat
1556 2708 1805 2868 umbris;
1875 2808 1878 2815 .

170 2973 319 3095 Non
342 3004 549 3112 metus,
577 2961 768 3109 officio
790 2954 899 3093 nec
922 2999 981 3094 te
1006 2963 1237 3094 certaffe
1259 2973 1513 3140 priorem
1703 3000 1708 3065 :

169 3226 496 3353 Poeniteat.
542 3228 691 3349 Sunt
715 3257 773 3349 et
797 3225 998 3350 Siculis
1021 3221 1348 3395 regionibus
1371 3224 1559 3371 urbes,

168 3490 498 3650 Armaque,
527 3478 904 3653 Trojanoque
927 3528 961 3605 a
982 3480 1255 3650 sanguine
1278 3481 1462 3649 clarus
1484 3481 1741 3611 Acestes.

168 3736 514 3911 Qaffatam
536 3735 722 3863 ventis
750 3734 921 3865 liceat
941 3732 1257 3863 subducere
1281 3728 1525 3886 claffem,

166 4000 248 4123 Et
268 3993 415 4121 silvis
439 4026 636 4166 aptare
657 3990 865 4136 trabes,
894 4026 953 4121 et
974 3993 1470 4165 stringereremos
1499 4086 1507 4099 -

170 4253 235 4380 Si
258 4250 430 4378 datur
453 4248 695 4392 Italiam,
723 4224 886 4376 sociis
905 4281 965 4376 et
986 4297 1119 4420 rege
1142 4282 1407 4422 recepto,
1451 4238 1454 4245 ⁸
1620 4350 1625 4359 .

167 4506 462 4652 Tendere,
489 4539 558 4633 ut
581 4502 805 4632 Italiam
828 4503 964 4631 laeti
986 4505 1339 4674 Latiumque
1360 4534 1643 4677 petamus.

171 4769 276 4895 Sin
298 4764 558 4893 absumta
579 4760 741 4905 salus,
758 4793 830 4887 et
852 4794 928 4904 te,
956 4793 1122 4933 pater
1143 4794 1389 4934 optume
1413 4762 1729 4911 Teucrum,
1936 4856 1938 4861 -

171 5030 399 5150 Pontus
421 5018 601 5146 habet
622 5014 864 5187 Libyae,
891 5062 1000 5142 nec
1022 5019 1146 5186 spes
1161 5017 1285 5191 jam
1306 5020 1475 5144 restat
1498 5017 1632 5171 Iuli3

171 5287 266 5407 At
287 5275 432 5406 freta
457 5274 712 5443 Sicaniae
731 5270 945 5414 saltem,
971 5269 1246 5442 sedesque
1267 5257 1510 5447 paratas,

170 5534 351 5662 Unde
376 5534 492 5659 huc
516 5529 758 5673 advecti,
785 5572 1096 5698 regemque
1119 5562 1387 5701 petamus
1411 5531 1682 5671 Acesten.

168 5792 414 5918 Talibus
440 5788 709 5915 Ilioneus.
756 5788 972 5913 Cuncti
992 5785 1158 5913 simul
1181 5834 1279 5917 ore
1302 5785 1628 5915 fremebant

171 6044 563 6180 Dardanidae.
595 6174 604 6184 ,

257 6310 420 6432 Tum
443 6301 693 6430 breviter
717 6299 897 6449 Dido,
924 6301 1151 6431 voltum
1171 6262 1427 6446 demissa,
1453 6296 1740 6473 profatur:

173 6560 388 6688 Solvite
411 6557 589 6688 corde
612 6593 853 6706 metum,
882 6563 1123 6687 Teucri:
1162 6546 1432 6686 secludite
1457 6596 1637 6703 curas.

171 6820 292 6945 Res
316 6817 476 6963 dura,
504 6852 565 6947 et
585 6817 747 6991 regni
769 6818 994 6947 novitas
1017 6863 1113 6945 me
1136 6817 1268 6945 talia
1292 6849 1510 6991 cogunt
1648 6854 1652 6861 ·

824 7170 827 7173 Α
1012 7100 1039 7167 2
1073 7075 1112 7155 U
