5106 8526
454 902 1045 1101 AENEIDOS
1100 898 1298 1027 LIB.
1357 903 1432 1027 11.
1487 942 1720 1071 v.499.
1874 945 1993 1036 201

195 1160 351 1321 Cum
373 1174 608 1321 stabulis
632 1224 891 1319 armenta
911 1189 1104 1317 trahit.
1147 1154 1288 1317 Vidi
1309 1191 1425 1365 ipse
1448 1188 1738 1318 furentem
1924 1300 1928 1307 .
1989 1202 1994 1211 ’

195 1447 396 1578 Caede
420 1448 903 1623 Neoptolemum,
929 1448 1308 1617 geminosque
1331 1449 1393 1572 in
1414 1448 1612 1575 limine
1636 1447 1905 1577 Atridas:
1988 1460 1994 1569 ζ

192 1706 334 1834 Vidi
357 1705 688 1848 Hecubam,
718 1738 1074 1875 centumque
1099 1750 1294 1848 nurus,
1320 1707 1734 1874 Priamumque
1759 1755 1864 1879 per
1882 1754 2003 1834 aras

196 1964 488 2133 Sanguine
512 1960 880 2105 foedantem
898 2007 1044 2130 quos
1068 1963 1182 2133 ipse
1205 1964 1532 2105 sacraverat,
1560 1965 1722 2133 ignis.

194 2220 637 2390 Qinquaginta
659 2217 741 2343 illi
764 2214 1019 2360 thalami,
1048 2221 1171 2389 spes
1196 2249 1357 2344 tanta
1379 2255 1685 2391 nepotum,

131 2655 136 2663 .
197 2475 505 2602 Barbarico
527 2476 716 2646 postes
741 2519 881 2599 auro
904 2472 1210 2646 spoliisque
1232 2475 1462 2647 superbi

104 2758 106 2761 ’
195 2731 583 2858 Procubuere.
629 2736 865 2857 Tenent
890 2731 1099 2872 Danai,
1131 2777 1246 2898 qua
1270 2728 1465 2858 deficit
1487 2732 1651 2902 ignis.

284 2991 545 3114 Forsitan
568 3021 643 3131 et,
674 2988 888 3112 Priami
911 2985 1124 3113 fuerint
1147 3034 1295 3155 quae
1320 2985 1453 3132 fata,
1483 2992 1753 3159 requiras.

195 3244 373 3369 Urbis
396 3246 482 3370 uti
505 3277 709 3415 captae
733 3246 941 3387 casum,
971 3243 1352 3411 convolsaque
1374 3244 1524 3372 vidit

191 3500 430 3625 Limina
453 3530 757 3643 tectorum,
787 3531 845 3624 et
868 3498 1130 3626 medium
1153 3500 1214 3623 in
1238 3500 1627 3679 penetralibus
1650 3502 1901 3655 hostem;
1981 3506 1986 3514 ’

190 3760 389 3882 Arma
412 3756 512 3882 diu
535 3757 718 3882 senior
741 3753 971 3881 desueta
994 3756 1374 3884 trementibus
1399 3805 1544 3885 aevo
1568 3870 1577 3883 .

195 4011 548 4138 Circumdat
563 3960 968 4180 nequidquam
993 4010 1267 4156 homerio,
1298 4045 1357 4177 et
1379 4013 1581 4140 inutile
1603 4013 1819 4145 ferrum

198 4270 489 4439 Cingitur,
517 4315 584 4394 ac
615 4268 819 4396 densos
842 4266 1022 4394 fertur
1045 4269 1358 4396 moriturus
1381 4270 1443 4394 in
1465 4270 1660 4397 hostis.

288 4522 563 4652 Aedibus
587 4527 648 4648 in
672 4524 896 4667 mediis,
925 4522 1206 4694 nudoque
1228 4524 1331 4651 sub
1356 4526 1600 4655 aetheris
1628 4572 1758 4685 axe,

197 4787 416 4952 Ingens
439 4829 534 4907 ara
558 4777 691 4931 fuit,
721 4782 1011 4954 juxtaque
1033 4783 1340 4909 veterrima
1362 4781 1556 4910 laurus

206 5035 560 5166 Incumbens
584 5083 732 5179 arae,
760 5071 934 5204 atque
957 5034 1169 5162 umbra
1190 5035 1475 5208 conplexa
1507 5045 1772 5173 Penates.

205 5295 323 5420 Hic
348 5292 599 5419 Hecuba
623 5324 682 5419 et
703 5323 873 5420 natae
894 5288 1295 5461 nequidquam
1320 5291 1517 5420 altaria
1540 5297 1777 5444 circum,

209 5545 559 5722 Praecipites
583 5585 705 5677 atra
729 5596 837 5676 ceu
861 5551 1200 5720 tempestate
1225 5549 1550 5698 columbae,

212 5803 572 5953 Condensae,
600 5841 659 5934 et
685 5808 906 5933 Divom
929 5807 1232 5980 amplexae
1254 5809 1558 5937 fimulacra
1577 5811 1868 5941 sedebant.
1981 5919 1988 5925 .

212 6064 409 6235 Ipsum
432 6096 627 6190 autem
650 6065 847 6190 sumtis
872 6064 1169 6191 Priamum
1185 6065 1554 6236 juvenalibus
1579 6070 1750 6197 armis

212 6325 299 6446 Ut
321 6318 493 6446 vidit:
535 6325 709 6491 Qae
733 6369 899 6448 mens
923 6352 1044 6448 tam
1070 6320 1210 6467 dira,
1239 6324 1547 6452 miserrime
1572 6328 1807 6500 conjux,

214 6577 436 6748 Inpulit
459 6576 549 6705 his
564 6577 726 6748 ‘cingi
748 6578 908 6705 telis?
946 6612 1048 6706 aut
1072 6624 1193 6748 quo
1215 6581 1362 6707 ruis?
1399 6583 1603 6753 inquit.

216 6834 359 6958 Non
382 6835 483 6962 tali
506 6833 742 6981 auxilio,
771 6884 879 6965 nec
905 6799 1296 7001 defensoribus
1319 6839 1433 6972 istis

1052 7122 1075 7223 3
1110 7095 1146 7181 E
