5106 8526
468 838 1064 1017 AENEIDOS
1122 838 1319 975 LIB.
1377 842 1481 976 IV.
1539 862 1769 1016 ηις.
1899 846 2025 981 eor

210 1133 496 1308 (Quando
521 1135 678 1266 aliud
700 1136 847 1267 mihi
862 1136 987 1311 jam
1011 1135 1244 1263 miserae
1260 1134 1411 1263 nihil
1434 1136 1553 1308 ipsa
1573 1134 1799 1304 reliqui)
1879 1202 1883 1207 ·
1986 1220 1991 1229 ·

206 1397 320 1521 Per
343 1392 639 1520 connubia
662 1396 872 1535 nostra,
901 1440 1008 1564 per
1028 1394 1295 1564 inceptos
1320 1393 1744 1561 Hymenaeon?

207 1654 271 1777 Si
293 1648 445 1778 bene
469 1648 614 1820 quid
638 1649 713 1778 de
737 1684 797 1779 te
819 1651 1023 1794 merui,
1051 1647 1164 1779 fuit
1185 1683 1290 1779 aut
1313 1649 1422 1779 tibi
1444 1648 1768 1818 quidquam
1798 1664 1805 1675 '
1949 1669 1968 1681 ”

205 1906 398 2035 Dulce
423 1954 647 2057 meum3
682 1907 942 2035 miserere
967 1905 1182 2035 domus
1205 1905 1472 2048 labentis,
1503 1939 1562 2033 et
1584 1908 1788 2049 istam
1887 1926 1893 1931 ’
1980 1932 1990 1949 ”

201 2173 348 2308 Oro,
375 2167 417 2290 sr
441 2166 571 2333 quis
594 2163 788 2293 adhuc
812 2163 1081 2337 precibus
1104 2163 1287 2307 locus,
1315 2210 1469 2293 exue
1491 2196 1770 2293 mentem.
1919 2179 1927 2187 ’

202 2426 297 2549 Te
319 2453 562 2594 propter
584 2418 851 2592 Libycae
868 2454 1072 2592 gentes
1098 2419 1563 2591 Nomadumque
1591 2419 1824 2592 tyranni
1891 2435 1895 2445 '
1974 2446 1982 2469 ‘

200 2677 429 2828 Odere;
466 2674 671 2805 infensr
693 2679 894 2849 Tyrii:
936 2712 998 2807 te
1020 2710 1263 2852 propter
1285 2675 1564 2807 eumdem
1748 2694 1753 2701 ’
1810 2693 1815 2699 ’

200 2937 511 3064 Extinctus
533 2926 744 3106 pudor,
773 2970 832 3063 et
854 2983 970 3107 qua
992 2936 1108 3065 sola
1127 2933 1313 3065 fidera
1335 2932 1571 3063 adibam

197 3195 380 3319 Fama
402 3196 577 3363 prior.
621 3195 738 3320 Cui
762 3239 859 3319 me
881 3190 1298 3321 moribundam
1323 3190 1545 3337 deserit,
1572 3189 1812 3363 hospes?
1892 3206 1918 3221 ”

196 3454 335 3575 Hoc
357 3448 547 3577 solum
560 3494 787 3577 nomen
811 3448 1093 3617 quoniam
1116 3446 1191 3575 de
1214 3450 1464 3622 ‘conjuge
1486 3450 1672 3577 restat.
1850 3508 1855 3521 ·
1904 3514 1911 3521 ·
1941 3460 1947 3476 ’

77 3758 80 3763 ’
197 3703 369 3875 Qud
393 3706 621 3841 moror?
659 3752 736 3833 an
759 3714 891 3833 mea
910 3703 1262 3875 Pygmalion
1282 3702 1428 3831 dum
1451 3705 1685 3835 moenia
1708 3700 1882 3835 frater
1952 3724 1958 3737 '

199 3965 491 4107 Destruat;
519 3994 624 4089 aut
645 3974 880 4135 captam
904 3961 1085 4091 ducat
1107 3960 1403 4090 Gaetulus
1425 3959 1660 4090 Iarbas?
1878 4026 1883 4036 f
1916 4022 1921 4043 ·

199 4217 417 4346 Saltem
439 4223 481 4345 sr
505 4267 622 4390 qua
644 4221 791 4348 mihi
815 4218 890 4348 de
912 4252 973 4347 te
993 4221 1247 4392 suscepta
1270 4214 1460 4347 fuiffet
1661 4232 1703 4243 ”
1893 4236 1899 4248 ’

196 4482 365 4604 Ante
388 4476 589 4649 fugam
609 4478 864 4628 subolem·
898 4479 943 4604 sr
969 4479 1099 4645 quis
1118 4476 1265 4605 mihi
1287 4473 1564 4649 paruulus
1587 4473 1719 4603 atila
1747 4492 1753 4499 ’

195 4734 458 4867 Luderet
481 4741 736 4899 Aeneas,
765 4736 867 4904 qui
888 4770 948 4865 te
971 4754 1171 4862 tamen
1194 4779 1296 4862 ore
1317 4730 1579 4884 referret;

196 4996 341 5118 Non
370 4990 644 5160 equidem
665 4992 911 5117 omnino
937 5025 1108 5163 capta
1131 5036 1199 5116 ac
1222 4989 1441 5118 deserta
1461 4992 1703 5118 viderer.

198 5253 460 5377 Dixerat.
505 5247 609 5375 Ille
632 5250 799 5415 Jovis
824 5249 1058 5376 monitis
1079 5248 1307 5375 inmota
1331 5246 1571 5375 tenebat
1618 5260 1623 5267 ’
1676 5263 1685 5277 ’

194 5509 470 5650 Lumina,
500 5540 560 5633 et
581 5505 835 5633 obnixus
859 5554 1057 5633 curam
1078 5506 1184 5635 sub
1210 5503 1388 5633 corde
1410 5505 1732 5677 premebat.

192 5761 470 5893 Tandem
494 5778 681 5936 paura
704 5762 906 5891 refert:
955 5768 1082 5934 Ego
1106 5797 1183 5907 te,
1211 5810 1360 5932 quae
1384 5762 1637 5935 plurima
1659 5761 1840 5891 fando

189 6022 548 6149 Enumerare
570 6020 752 6191 mles,-
770 6067 1116 6190 numquam,
1143 6023 1390 6192 Regina,
1418 6020 1648 6191 negabo

192 6278 604 6405 Promeritam:
647 6326 758 6406 nec
781 6322 879 6407 me
901 6271 1221 6407 meminisse
1241 6278 1466 6452 pigebit
1487 6274 1716 6431 Eliffae'3
1817 6290 1822 6299 ’
1960 6318 1964 6325 ‘

194 6541 364 6662 Dum
387 6582 620 6663 memora
636 6537 911 6708 ipsemei
940 6535 1089 6677 dum
1111 6537 1337 6709 spiritus
1359 6534 1469 6669 hos
1491 6536 1638 6707 regit
1658 6570 1832 6665 artus.

193 6789 311 6918 Pro
334 6842 396 6921 re
417 6842 606 6967 pauca
627 6794 865 6965 loquan
895 6800 1109 6964 Neque
1133 6842 1242 6966 ego
1264 6795 1419 6923 hanc
1442 6791 1790 6924 abscondere
1813 6790 1969 6923 furto

1034 7078 1058 7181 3
1093 7053 1133 7134 u
