5106 8526
455 868 1047 1035 nuunrnos
1108 869 1302 1009 nin.
1360 867 1464 1007 nr.
1520 874 1747 1052 v3361.
1883 914 2003 1055 ψ

194 1176 271 1298 Et
291 1171 607 1298 volucrum„
624 1164 867 1344 linguas,
897 1205 956 1302 et
977 1173 1264 1345 praepetis
1290 1174 1489 1299 omina
1513 1219 1759 1344 pennae,

195 1428 339 1554 Fare
362 1477 468 1601 age
500 1437 774 1598 (namque
797 1476 1038 1556 ornnem
1061 1432 1286 1553 cursum
1311 1428 1454 1553 mihi
1477 1435 1746 1604 prospera
1769 1428 1918 1558 dixit

192 1686 443 1855 Religio,
474 1719 533 1812 et
554 1670 751 1813 cuncti
770 1689 1061 1813 suaserunt
1083 1686 1324 1827 numine
1350 1685 1492 1813 Divi

194 1939 419 2068 Italiam
443 1973 658 2113 petere,
689 1976 747 2068 et
770 1975 944 2069 terras
969 1974 1190 2068 tentare
1214 1945 1495 2112 repostas:

196 2196 332 2325 Sola
355 2244 576 2323 novum
602 2197 883 2369 dictuque
907 2197 1066 2324 nefas
1093 2198 1358 2370 Harpyia
1384 2196 1642 2327 Celaeno

195 2454 535 2625 Prodigium
562 2456 730 2599 canit,
761 2490 820 2582 et
842 2444 1010 2582 tristis
1033 2453 1340 2581 denuntiat
1365 2456 1491 2598 iras,

196 2712 683 2881 Obscoenamque
706 2711 941 2877 samem)
975 2757 1124 2881 quae
1147 2714 1334 2885 prima
1357 2709 1611 2885 pericula
1630 2712 1782 2838 vito?

195 2969 436 3139 Quidve
458 2971 698 3137 sequens
721 3003 913 3096 tantos
937 2956 1141 3143 poffim
1163 2971 1428 3140 superare
1450 2968 1708 3097 labores?
1799 3151 1809 3165 η
1908 2960 1912 2966 ’
1967 3090 1970 3097 ,

194 3229 317 3350 Hic
342 3223 621 3368 Helenus,
651 3231 819 3352 caesis
843 3228 1098 3396 primum
1124 3226 1199 3352 de
1223 3232 1384 3353 more
1399 3226 1680 3400 juvencis,

190 3485 421 3606 Exorat
442 3528 648 3653 pacem
675 3484 916 3626 Divom,
945 3483 1232 3650 vittasque
1256 3484 1482 3608 resolvit

192 3739 417 3865 Sacrati
441 3740 659 3909 capitis,
691 3784 901 3907 meque
926 3737 1001 3863 ad
1026 3772 1126 3864 tua
1149 3738 1364 3880 limina,
1397 3735 1657 3880 Phoebe,

195 3997 325 4168 Ipse
349 4038 529 4120 manu
553 3995 740 4120 multo
765 3996 1087 4166 suspensum
1113 3997 1351 4123 numine
1376 3994 1569 4120 ducit:

197 4260 409 4422 Atque
434 4251 578 4377 haec
595 4248 816 4377 deinde
841 4252 1004 4376 canit
1019 4252 1218 4377 divino
1244 4300 1318 4378 ex
1342 4296 1441 4377 ore
1464 4247 1752 4380 sacerdos:

198 4514 360 4638 Nate
386 4515 534 4653 Dea,
566 4516 724 4671 (narn
748 4541 807 4633 te
831 4508 1143 4683 majoribus
1167 4509 1248 4634 ire
1271 4555 1377 4680 per
1400 4505 1584 4633 altum
1761 4572 1769 4590 κ

199 4768 495 4938 Auspiciis
519 4762 814 4892 manifesta
836 4764 1007 4891 sides:
1047 4769 1125 4891 src
1150 4763 1266 4891 sata
1292 4763 1495 4892 Derim
1519 4813 1624 4893 rex

202 5024 469 5166 Sortitur,
497 5020 795 5190 volvitque
817 5022 1000 5146 vices:
1041 5022 1087 5146 is
1111 5021 1352 5145 vertitur
1374 5019 1544 5183 ordo)

202 5286 405 5406 Pauca
427 5278 534 5406 tibi
557 5326 589 5404 e
614 5279 824 5421 multis,
855 5323 973 5447 quo
997 5277 1178 5404 tutior
1200 5276 1425 5450 hospita
1446 5277 1645 5403 lustres
1792 5294 1799 5305 '

204 5546 511 5708 Aequora,
540 5567 599 5663 et
624 5486 892 5663 Ausonio
913 5528 1082 5707 poffis
1108 5534 1401 5662 confidere
1422 5566 1617 5706 portu,

203 5795 542 5967 Expediam
567 5792 734 5920 dictis
767 5791 1103 5965 (prohibent
1125 5838 1263 5918 narn
1288 5822 1477 5919 cetera
1501 5797 1715 5919 Parcae

207 6054 387 6195 Scire,
418 6040 715 6177 Helenum
740 6047 958 6219 farique
981 6038 1140 6175 vetat
1165 6049 1428 6177 Saturnia
1451 6040 1635 6217 Juno)

205 6308 508 6480 Principio
533 6305 776 6448 Italiam,
805 6354 982 6476 quam
1007 6341 1073 6431 tu
1089 6307 1213 6480 jam
1238 6355 1360 6433 rere
1382 6308 1793 6479 propinquam,
1942 6344 1945 6351 “

202 6567 589 6734 Vicinosque,
618 6565 828 6733 ignare,
859 6612 1023 6737 paras
1047 6564 1320 6691 invadere
1346 6596 1568 6736 portus,

207 6831 423 6993 Longa
443 6823 650 6999 procul
673 6822 860 6994 longis
877 6824 976 6951 »via
1000 6821 1206 6952 dividit
1226 6824 1381 6952 invia
1406 6824 1580 6952 terris.
