5106 8526
461 944 1741 1115 Anur1u0snrss.11.v;591.
1886 992 2016 1120 205

196 1237 380 1364 Alma
404 1281 631 1408 parens,
661 1233 912 1361 consessa
936 1236 1131 1386 deam3
1173 1235 1475 1405 qualisque
1499 1236 1684 1366 videri

197 1492 521 1638 Coelicolis,
551 1525 611 1620 et
634 1526 852 1663 quanta
872 1492 1041 1619 solet:
1083 1490 1405 1662 dextraque
1428 1496 1777 1666 prehensum

193 1751 519 1893 Continuit‚
548 1751 828 1920 roseoque
851 1749 997 1877 haec
1019 1752 1248 1923 insuper
1269 1749 1501 1878 addidit
1522 1798 1649 1880 ore:

188 2010 363 2152 Nate,
393 2008 519 2177 quis
541 2006 856 2135 indomitas
879 2039 1073 2134 tantus
1098 2005 1266 2133 dolor
1289 2009 1506 2134 excitat
1528 2009 1668 2137 iras?

187 2262 359 2433 Qid
381 2260 552 2389 furis?
589 2295 691 2389 aut
716 2309 976 2432 quonam
999 2266 1175 2389 nostri
1196 2261 1303 2390 tibi
1329 2311 1465 2389 cura
1487 2261 1736 2392 recessit?

185 2522 331 2646 Non
352 2524 510 2693 prius
534 2519 826 2692 adspicies,
855 2521 959 2646 ubi
981 2518 1186 2647 sessum
1210 2555 1398 2650 aetate
1420 2555 1724 2692 parentem

180 2779 447 2947 Liqueris
472 2776 804 2903 Anchisen?
840 2779 1069 2950 superet
1092 2780 1384 2953 conjuxne
1410 2784 1644 2925 Creusa,

179 3035 584 3203 Ascaniusque
609 3035 787 3207 puer?
825 3082 972 3204 quos
996 3038 1187 3163 omnis
1210 3035 1474 3204 undique
1498 3036 1711 3209 Grajae

180 3292 424 3417 Circum
448 3325 639 3417 errant
662 3294 838 3417 acies:
873 3324 947 3433 et,
977 3295 1039 3416 ni
1063 3338 1193 3418 mea
1216 3340 1355 3420 cura
1377 3293 1605 3435 resrstat,

174 3550 315 3713 Jam
338 3545 610 3674 flammae
633 3545 884 3690 tulerint,
913 3547 1181 3676 inimicus
1205 3581 1265 3676 et
1286 3549 1533 3675 hauserit
1555 3552 1715 3678 ensrs.

176 3806 324 3929 Non
345 3803 454 3930 tibi
479 3802 835 3977 Tyndaridis
860 3802 1032 3931 facies
1056 3806 1229 3930 invisa
1252 3814 1574 3949 Lacaenae,

174 4057 539 4233 Culpatusve
564 4062 752 4211 Paris;
793 4061 1018 4187 Divom
1043 4062 1427 4206 inclementia,
1459 4064 1682 4190 Divom

170 4320 299 4443 Has
322 4319 528 4445 evertit
550 4364 710 4489 opes,
740 4318 1053 4486 sternitque
1077 4366 1110 4444 a
1134 4320 1390 4448 culmine
1413 4322 1675 4496 Trojam.

168 4572 459 4748 Adspice:
505 4583 780 4743 (namque
805 4620 1061 4718 omnem,
1092 4621 1243 4743 quae
1264 4624 1423 4703 nunc
1447 4575 1709 4704 obducta
1731 4578 1921 4705 tuenti

168 4832 438 4959 Mortalis
460 4831 701 4958 hebetat
722 4834 871 4958 visus
895 4830 1019 4974 tibi,
1048 4865 1107 4958 et
1128 4831 1376 4960 humida
1401 4836 1619 4961 circum

171 5085 417 5257 Caligat,
445 5088 667 5215 nubem
690 5089 945 5261 eripiam,
975 5119 1041 5214 tu
1065 5134 1140 5214 ne
1166 5135 1282 5258 qua
1304 5092 1557 5261 parentis

169 5341 331 5510 Jussa
354 5347 512 5491 time,
539 5393 658 5473 neu
679 5347 1001 5518 praeceptis
1022 5393 1223 5518 parere
1245 5349 1458 5512 recusa)

167 5605 305 5749 Hic,
334 5603 438 5732 ubi
462 5603 725 5780 disjectas
749 5604 947 5747 moles,
979 5602 1281 5773 avolsaque
1303 5605 1446 5731 saxis

171 5869 323 5989 Saxa
345 5861 523 6005 vides,
553 5863 859 6032 mixtoque
881 5859 1207 5988 undantem
1230 5861 1471 6034 pulvere
1494 5858 1741 6005 sumum,

169 6125 487 6292 Neptunus
511 6166 728 6262 muros,
757 6144 1087 6291 magnoque
1111 6152 1307 6247 emota
1330 6117 1566 6246 tridenti

165 6376 576 6505 Fundamenta
600 6378 809 6547 quatit;
852 6411 1156 6546 totamque
1178 6374 1255 6501 ab
1277 6376 1506 6504 sedibus
1530 6373 1738 6502 urbem

165 6634 347 6761 Eruit.
393 6641 512 6762 Hic
536 6643 698 6803 Juno
725 6641 927 6763 Scaeas
949 6627 1255 6762 saevissima
1278 6670 1475 6806 portas

168 6890 361 7020 Prima
385 6927 563 7039 tenet,
592 6895 924 7063 sociumque
948 6892 1145 7021 furens
1170 6889 1470 7019 anavibus
1493 6939 1705 7060 agmen

1003 7156 1094 7281 31²
