5074 8524
644 864 774 1036 138
899 865 963 989 G
1006 864 1162 990 Eo
1206 864 1417 993 R’G:
1477 862 1892 993 LI,B.'‡·IV‚·
1951 879 2219 1034 *v.'143‘0.

637 1153 785 1280 Ibat.
831 1153 985 1276 Eum
1006 1148 1147 1278 vasti
1170 1149 1387 1278 circum
1409 1197 1550 1321 gens
1572 1148 1816 1277 humida
1839 1149 2010 1321 ponti

636 1409 942 1537 Exsultans
961 1454 1153 1534 rorem
1175 1405 1290 1534 late
1314 1405 1567 1580 dispersu
1590 1453 1868 1534 amarum.

637 1674 919 1794 Sternunt
940 1666 994 1792 se
1015 1667 1218 1791 somno
1242 1664 1489 1792 diversae
1512 1615 1574 1789 in
1595 1665 1762 1791 litore
1785 1662 2030 1836 phocae.

639 1927 783 2096 Ipse,
809 1923 971 2052 velut
993 1920 1199 2049 stabuli
1221 1923 1407 2050 custos
1429 1923 1497 2048 in
1514 1922 1811 2049 montibus
1835 1922 1994 2066 olim,

638 2176 858 2352 Vesper
878 2179 981 2306 ubi
1005 2229 1036 2308 e
1061 2181 1228 2354 pastu
1248 2178 1460 2307 vitulos
1484 2179 1562 2309 ad
1583 2213 1736 2307 tecta
1758 2177 2002 2320 reducit,

640 2437 1000 2608 Auditisque
1022 2436 1193 2609 lupos
1217 2469 1436 2565 acuunt
1457 2436 1742 2565 balatibus
1767 2438 1917 2606 agni,

643 2694 909 2822 Confidit
931 2693 1166 2866 scopulo
1191 2693 1434 2838 medius,
1463 2740 1893 2865 numerumque
1914 2693 2200 2818 recenset:

428 3028 443 3061 ·
643 2952 830 3126 Cujus
854 2953 1123 3078 Aristaeo
1148 2951 1430 3122 quoniam
1453 2953 1534 3078 est
1555 2951 1752 3078 oblata
1775 2950 2037 3094 facultas,

639 3211 762 3334 Vix
785 3204 995 3336 defessa
1017 3210 1211 3335 senem
1233 3204 1421 3381 pallus
1447 3253 1780 3379 conponere
1804 3206 2084 3377 membra,

644 3470 802 3594 Cum
826 3463 1078 3592 clamore
1100 3467 1217 3591 ruit
1240 3488 1471 3637 magno,
1500 3466 1853 3635 manicisque
1868 3464 2171 3639 jacentem
2422 3619 2426 3631 ι

645 3730 935 3907 Occupat.
980 3721 1082 3847 Ille
1105 3724 1236 3847 suae
1260 3755 1460 3848 contra
1483 3768 1608 3847 non
1629 3724 1918 3851 inmemor
1941 3721 2091 3862 artis,
2167 3710 2177 3729 ⁶

645 3979 865 4106 Omnia
889 3978 1257 4107 transformat
1278 3980 1386 4105 sese
1409 3980 1471 4103 in
1494 3979 1768 4106 miracula
1789 4025 2000 4122 rerum,
2061 4000 2066 4009 ’

437 4359 441 4368 .
644 4242 987 4407 Ignemque‚
1015 4235 1465 4406 horribilemque
1483 4235 1688 4381 feram,
1716 4235 2080 4404 fluviumque
2104 4233 2388 4404 liquentem.

642 4500 884 4638 Verum,
911 4493 1017 4620 ubi
1038 4492 1195 4619 nulla
1217 4491 1651 4666 fugamreperit
1673 4476 1929 4666 pellacia,
1955 4492 2143 4618 victus
2231 4588 2237 4593 >

645 4757 717 4876 In
738 4749 847 4874 sese
869 4748 1036 4892 redit,
1065 4781 1241 4918 atque
1263 4747 1515 4876 hominis
1539 4749 1782 4878 tandem
1805 4798 1907 4878 ore
1927 4750 2192 4879 locutus:

564 5114 568 5127 .
646 5014 806 5136 Nam
831 5006 956 5176 quis
981 5037 1056 5149 te,
1075 5007 1360 5181 juvenum
1385 5003 1878 5154 confidentiffime‚
1907 5008 2125 5139 nostras

645 5261 815 5437 Juffit
838 5264 996 5392 adire
1022 5262 1266 5392 domus?
1305 5264 1518 5434 quidve
1540 5265 1679 5394 hinc
1700 5267 1881 5437 petis?
1919 5232 2128 5434 inquit.
2184 5268 2267 5390 At
2283 5259 2372 5389 ille:

648 5523 785 5667 Scis,
817 5528 1050 5664 Proteu,
1077 5524 1177 5650 scis
1200 5523 1343 5694 ipse:
1388 5568 1579 5692 neque
1604 5524 1765 5649 est'te
1789 5520 1984 5650 fallere
2007 5523 2288 5691 cuiquam.

647 5777 766 5907 Sed
788 5811 855 5905 tu
878 5734 1070 5905 desme
1092 5778 1255 5906 velle.
1303 5779 1507 5906 Derim
1531 5814 1840 5954 praecepta
1863 5780 2040 5919 secuti

644 6037 930 6163 Venimus
952 6037 1090 6163 hinc
1112 6035 1277 6208 lapsrs
1303 6040 1622 6207 quaefitum
1644 6039 1876 6164 oracula
1897 6036 2087 6163 rebus.

647 6297 914 6419 Tantum
938 6291 1157 6422 effatus.
1202 6295 1311 6423 Ad
1332 6296 1478 6422 haec
1501 6328 1659 6423 vates
1682 6295 1741 6421 vi
1766 6294 2018 6465 denique
2043 6292 2228 6435 multa
2341 6424 2362 6451 κ

646 6550 933 6679 Ardentis
956 6552 1157 6679 oculos
1181 6554 1404 6679 intorsrt
1426 6551 1646 6681 lumine
1668 6550 1892 6722 glauco

649 6811 734 6973 Et·
748 6809 994 6982 graviter
1016 6806 1305 6957 frendens,
1333 6813 1410 6937 fic
1433 6805 1562 6937 fatis
1586 6857 1686 6936 ora
1709 6773 1961 6936 resolvit:
