5202 8512
634 842 720 1014 36
934 840 1220 969 ECL
1269 842 1343 965 Ὀ
1409 840 1472 964 G
1535 838 1602 961 ‘A
1679 836 1862 961 ‘VIIL
1950 883 2003 960 v.
2042 836 2153 1001 64.

633 1135 717 1257 A.
761 1123 916 1254 Effer
937 1172 1169 1296 aquam,
1199 1157 1258 1254 et
1281 1122 1444 1251 molli
1467 1123 1632 1295 cinge
1656 1124 1802 1251 haec
1826 1122 2022 1251 altaria
2044 1123 2212 1251 vitta:

631 1383 1053 1552 Verbenasque
1076 1381 1248 1511 adole
1272 1382 1502 1556 pinguis
1526 1416 1586 1509 et
1609 1381 1855 1509 mascula
1878 1412 2036 1508 tura:

636 1641 921 1816 Conjugis
943 1671 1011 1768 ut
1034 1640 1267 1810 magicis
1290 1643 1454 1766 sanos
1478 1673 1734 1767 avertere
1756 1639 1919 1765 sacris

633 1899 920 2070 Experiar
940 1900 1143 2025 sensus.
1184 1897 1330 2024 nihil
1352 1897 1450 2024 hic
1474 1899 1579 2023 nist
1601 1897 1856 2023 carmina
1888 1894 2111 2025 desunt.

635 2157 854 2285 Ducite
878 2152 953 2282 ab
976 2153 1122 2282 urbe
1147 2153 1414 2300 domum,
1436 2180 1574 2281 'mea
1603 2155 1873 2299 carmina,
1903 2153 2099 2281 ducite
2131 2154 2442 2328 Daphnim.

636 2414 915 2541 Carmina
937 2412 1030 2539 vel
1054 2412 1218 2540 coelo
1241 2410 1476 2585 poffunt
1499 2410 1789 2539 deducere
1812 2419 2075 2539 Lunam:

636 2669 1008 2797 Carminibus
1034 2671 1202 2796 Circe
1225 2668 1405 2796 socios
1420 2671 1678 2797 ‘mutavit
1700 2668 1886 2795 Ulixi:

633 2927 902 3100 Frigidus*
920 2928 982 3052 in
1005 2929 1181 3100 pratis
1206 2925 1500 3053 cantando
1523 2927 1815 3098 rumpitur
1844 2927 2063 3097 anguis.

635 3187 855 3313 Ducite
880 3184 954 3312 ab
977 3184 1122 3313 urbe
1146 3183 1411 3328 domum,
1442 3229 1573 3311 mea
1587 3183 1867 3327 carmina,
1897 3183 2093 3310 ducite
2119 3184 2424 3357 Daphnim.

634 3447 832 3571 Terna
855 3441 960 3570 tibi
981 3443 1128 3571 haec
1157 3444 1414 3614 primum
1437 3440 1645 3613 triplici
1669 3438 1885 3567 diversa
1909 3440 2102 3567 colore

632 3701 797 3828 Licia
820 3699 1138 3845 circumd0,
1169 3683 1541 3869 terque'haec
1565 3698 1763 3827 altaria
1787 3697 2004 3889 circum

631 3955 898 4130 Effigiem
923 3958 1093 4085 duco.
1136 4003 1384 4085 numero
1408 3956 1553 4084 deus
1574 3957 1777 4127 inpare
1799 3951 2032 4126 gaudet.

633 4217 851 4344 Ducite
875 4216 950 4345 ab
973 4213 1118 4343 urbe
1143 4214 1409 4360 domum,
1436 4262 1568 4342 mea
1591 4213 1862 4356 carmina,
1893 4211 2090 4339 ducite
2112 4215 2417 4383 Daphnim.

630 4475 823 4602 Necte
845 4474 1028 4600 tribus
1053 4470 1223 4599 nodis
1244 4504 1459 4615 ternos,
1486 4467 2079 4640 Amaryllicolores:

630 4689 838 4873 Necte,
866 4727 1179 4900 Amarylli
1206 4726 1417 4854 modo:
1460 4760 1535 4871 et,
1563 4725 1824 4886 Veneris,
1854 4725 1967 4871 dic,
1994 4726 2416 4859 vinculanecto.

630 4988 848 5116 Ducite
870 4985 947 5113 ab
970 4984 1115 5112 urbe
1141 4985 1407 5130 domum,
1434 5032 1566 5112 mea
1589 4986 1860 5128 carmina,
1888 4983 2085 5111 ducite
2109 4985 2412 5158 Daphnim.

627 5249 833 5374 Limus
856 5280 925 5371 ut
947 5244 1042 5371 hic
1062 5241 1324 5389 durescit,
1354 5242 1579 5372 et‘haec
1601 5278 1670 5371 ut
1692 5288 1821 5370 cera
1842 5241 2100 5411 liquescit

505 5550 509 5557 ·
627 5509 770 5629 Uno
795 5501 1125 5671 eodemque
1148 5500 1293 5671 igni;
1333 5504 1410 5628 src
1430 5502 1625 5627 nostro
1651 5498 1924 5674 Daphnis
1947 5536 2170 5628 amore·

630 5766 848 5934 Sparge
871 5758 1106 5904 molam,
1135 5792 1195 5886 et
1217 5754 1426 5927 fragilis
1450 5757 1699 5888 incende
1721 5755 2009 5886 bitumine
2031 5756 2239 5885 lauros.
2296 5817 2300 5825 ’

627 6016 901 6190 Daphnis
926 6061 1022 6144 me
1045 6014 1230 6143 malus
1254 6017 1397 6143 urit:
1438 6062 1547 6187 ego
1570 6013 1723 6142 hanc
1746 6017 1808 6140 in
1832 6012 2156 6186 Daphnide
2177 6015 2406 6141 laurum.
2520 6120 2521 6203 t

627 6275 847 6403 Ducite
870 6275 946 6403 ab
968 6275 1114 6402 urbe
1138 6274 1406 6419 domum,
1433 6321 1565 6402 mea
1585 6271 1858 6417 carmina,
1888 6272 2084 6399 ducite
2101 6270 2415 6446 Daphnim.

625 6532 788 6661 Talis
812 6579 976 6661 amor
1000 6530 1325 6706 Daphnim,
1356 6532 1558 6701 qualis,
1589 6576 1774 6699 quum
1797 6526 1932 6656 feffa
1951 6531 2273 6704 juvencum
2303 6592 2308 6603 ’

626 6791 737 6917 Per
759 6825 1200 6960 nemoraatque
1225 6789 1372 6921 altos
1397 6789 1732 6961 quaerendo
1755 6785 2162 6917 bucula-lucos
2378 6792 2384 6803 ’
