5106 8526
433 866 1723 1041 aannrnosnrss.1rr.v.·177.
1857 916 2012 1040 ης,

169 1156 285 1297 Ad
309 1156 538 1286 coelum
563 1180 700 1295 cum
723 1184 870 1286 voce
892 1204 1118 1303 manus,
1147 1178 1206 1286 e‘t
1229 1205 1472 1291 munera
1493 1158 1633 1289 libo·
1787 1176 1794 1188 '

173 1426 525 1548 Intemerata
548 1414 707 1543 focis.
752 1412 1225 1545 Perfecto'laetus
1248 1415 1475 1546 honore

176 1675 481 1806 Anchisen
503 1672 652 1803 sacio
677 1704 918 1818 certum,
946 1710 1189 1842 remque
1212 1672 1419 1812 ordine
1440 1670 1659 1848 pando.⁸

175 1931 486 2105 Adgnovit
509 1928 736 2104 prolem
761 1927 1113 2102 ambiguam,
1140 1870 1520 2103 geminosque
1543 1929 1826 2106 parentis,

180 2198 372 2359 Seque
395 2233 554 2313 novo
577 2221 843 2317 veterum
867 2184 1184 2360 deceptum
1209 2206 1397 2317 errore
1421 2188 1704 2318 locomm.

179 2450 347 2574 Tum
371 2476 687 2573 memorat:
731 2449 905 2589 Nate,
935 2442 1119 2572 Iliacis
1143 2445 1396 2575 exercite
1419 2443 1567 2592 fatis,

183 2704 321 2829 Sola
342 2701 486 2828 mihi
509 2701 637 2833 talis
661 2650 818 2833 casus
846 2696 1164 2830 Cassandra
1187 2703 1450 2833 canebat.

182 2969 367 3092 Nunc
388 2994 594 3132 repeto
616 2958 763 3087 haec
787 2958 987 3130 generi
1005 2958 1356 3131 portendere
1381 2958 1579 3088 debita
1601 2962 1796 3089 nostro
1802 3030 1822 3127 3

185 3226 265 3347 Et
287 3220 455 3390 saepe
477 3217 833 3387 Hesperiam,
860 3218 1028 3385 saepe
1052 3215 1197 3344 Itala
1218 3264 1395 3388 regna
1416 3260 1645 3346 vocare.

190 3474 312 3606 Sed
335 3432 463 3644 quis
487 3470 566 3601 ad
589 3472 901 3644 Hesperiae
923 3503 1199 3599 venturos
1221 3472 1392 3598 litora
1415 3476 1681 3602 Teucros

193 3729 509 3861 Crederet?
547 3761 649 3861 aut
673 3774 852 3897 quem
875 3760 1004 3856 tum
1027 3760 1187 3856 vates
1210 3725 1527 3858 Cassandra
1549 3729 1843 3859 moveret?¹

196 3987 498 4118 Cedamus
523 3984 790 4130 Phoebo,
818 4016 879 4113 et
901 3984 1110 4113 moniti
1132 3983 1371 4112 meliora
1392 3987 1714 4155 sequamur.
1749 3978 1752 3984 ’

200 4249 298 4375 Sic
324 4245 427 4371 ait:
468 4279 528 4371 et
551 4242 747 4373 cuncti
770 4241 930 4370 dicto
953 4289 1224 4416 paremus
1246 4274 1504 4371 ovantes.

198 4509 376 4633 Hanc
400 4546 642 4672 quoque
663 4498 972 4628 deserimus
994 4498 1207 4644 sedem,
1235 4500 1554 4673 paucisque
1576 4498 1787 4630 relictis

199 4762 351 4891 Vela
366 4756 602 4900 damus,
627 4760 970 4926 vastumque
993 4803 1141 4884 cava
1155 4755 1322 4885 trabe
1345 4759 1631 4886 currimus
1657 4772 1895 4928 aequor.

295 5017 613 5182 Postquam
636 5012 822 5141 altum
844 5042 1085 5141 tenuere
1105 5028 1274 5155 rates,
1302 5046 1413 5139 nec
1427 5014 1552 5188 jam
1576 5013 1825 5187 amplius
1847 5010 1999 5142 ullae

209 5275 529 5447 Adparent
550 5303 759 5416 terrae,
781 5268 1014 5398 coelum
1035 5268 1300 5441 undique
1322 5302 1384 5398 et
1403 5271 1665 5440 undiquc
1687 5303 1937 5445 pontus:

213 5540 377 5662 Tum
400 5529 549 5657 mihi
571 5528 868 5657 caeruleus
888 5531 1059 5700 supra
1081 5562 1261 5704 caput
1282 5527 1496 5658 adstitit
1517 5526 1724 5675 imber,

214 5797 474 5918 Noctem
495 5785 869 5955 hiememque
892 5783 1105 5938 ferens;
1145 5819 1205 5914 et
1225 5785 1514 5916 inhorruit
1534 5782 1698 5914 unda
1719 5785 1997 5917 tenebris·v

218 6047 526 6177 Continuo
548 6047 708 6173 venti
729 6042 976 6172 volvunt
997 6054 1172 6189 mare,
1202 6052 1532 6217 magnaque
1553 6045 1795 6216 surgunt
1940 6149 1950 6167 ,
2151 6074 2155 6081 ’

217 6314 520 6476 Aequora.
567 6304 817 6475 Disperfi
830 6304 1119 6477 jactamur
1138 6303 1363 6474 gurgite
1386 6303 1563 6430 vasto.

220 6560 528 6689 Involvdre
553 6559 712 6689 diem
733 6560 941 6707 nimbi,
966 6586 1173 6689 etnox
1195 6558 1448 6688 humida·
1465 6556 1700 6689 coelum
1832 6570 1838 6581 ’

222 6817 502 6947 Abstulit.
547 6820 922 6994 Ingeminant
936 6817 1198 6991 abruptis
1220 6817 1488 6950 nubibus·
1500 6850 1684 6992 1gnes
1853 6830 1859 6841 '
1979 6828 1984 6835 “
