5106 8526
450 895 1716 1063 A·ENEIDOS=LIB.··II.v.315.
1873 935 2051 1064 193,
2201 962 2205 969 1

187 1190 302 1320 Sed
324 1186 640 1358 glomerare
664 1232 904 1311 manum
929 1182 1100 1328 bello,
1130 1219 1189 1311 et
1213 1229 1551 1311 concurrere
1574 1185 1636 1310 in
1659 1227 1849 1309 arcem
1882 1298 1887 1307 .

187 1455 345 1576 Cum
368 1445 527 1571 sociis
552 1443 758 1570 ardent
780 1443 974 1568 animi.
1018 1447 1203 1568 Furor
1223 1443 1421 1611 iraque
1446 1474 1705 1568 mentem

188 1703 578 1874 Praecipitant
585 1773 600 1850 3
633 1697 1065 1870 pulchrumque
1089 1702 1239 1855 mori
1261 1700 1532 1825 succurrit
1554 1699 1617 1823 in
1640 1697 1827 1826 armis.

560 1884 586 1947 fl

275 1966 429 2084 Ecce
452 1991 650 2083 autem
674 1956 799 2082 telis
827 1954 1088 2083 Panthus
1114 1956 1332 2128 elapsus
1357 1958 1678 2100 Achivom,

190 2214 455 2344 Panthus
480 2211 833 2384 Othryades,
863 2215 1003 2338 arcis
1029 2214 1374 2383 Phoebique
1396 2211 1672 2358 sacerdos,
1799 2336 1802 2347 Δ
1930 2374 1936 2383 ,

192 2484 364 2603 Sacra
388 2516 584 2614 manu,
611 2471 914 2638 victosque
940 2475 1121 2615 Deos,
1149 2517 1513 2643 parvumque
1536 2502 1816 2644 nepotem
1866 2580 1870 2587 .

190 2733 319 2902 Ipse
342 2729 535 2871 trahit,
565 2730 848 2896 cursuque
872 2775 1071 2853 amens
1096 2727 1172 2854 ad
1195 2726 1361 2854 litora
1385 2727 1589 2856 tendit.

193 2992 342 3157 Qo
366 3033 454 3111 res
477 2987 700 3109 summa
721 2984 871 3128 locu,
902 2984 1170 3110 Panthu?
1209 3031 1389 3152 quam
1413 2985 1754 3157 prendimus
1784 2979 2009 3111 arcem?

192 3244 317 3368 Vix
342 3239 585 3367 casatus
610 3288 784 3384 eram,
813 3243 1037 3410 gemitu
1062 3289 1245 3409 quum
1269 3241 1402 3368 talia
1425 3239 1642 3367 reddit:

195 3498 380 3627 Venit
401 3500 627 3621 summa
651 3496 789 3638 dies,
819 3530 878 3622 et
900 3495 1268 3623 ineluctabile
1293 3532 1525 3670 tempus

199 3752 550 3885 Dardaniae.
595 3753 835 3880 Fuimus
860 3757 1078 3879 Tro‘e's:
1120 3750 1230 3879 fuit
1254 3755 1445 3898 Ilium,
1476 3789 1534 3881 et
1556 3758 1759 3925 ingens
1941 3820 1946 3830 ·

202 4011 411 4138 Gloria
434 4013 817 4135 Teucrorum.
862 4015 1039 4136 Ferus
1063 4012 1262 4135 omnia
1284 4012 1562 4182 Juppiter
1585 4018 1782 4182 Argos

201 4265 540 4414 Transtulit.
585 4269 821 4393 Incensa
845 4268 1039 4393 Danai
1062 4266 1439 4393 dominantur
1459 4268 1522 4393 in
1542 4267 1708 4406 urbe.

202 4524 455 4657 Arduus
480 4557 729 4650 armatos
754 4521 957 4650 mediis
981 4524 1043 4647 in
1066 4524 1376 4651 moenibus
1400 4524 1628 4651 adstans

207 4781 441 4925 Fundit*
452 4827 655 4948 equus,
684 4783 987 4949 victorque
1013 4783 1198 4906 Sinon
1221 4757 1491 4908 incendia
1513 4782 1725 4924 miscet,

210 5037 514 5171 Insultans..
560 5038 747 5201 Portis
769 5035 863 5160 alii
885 5033 1283 5207 bipatentibus
1307 5038 1531 5182 adsunt,
1728 5156 1733 5163 .

212 5294 401 5420 Millia
425 5326 571 5462 quot
595 5245 817 5464 magnis
841 5340 1124 5462 umquam
1145 5340 1356 5422 venere
1380 5293 1680 5467 Mycenis:

216 5548 515 5683 Obsedere
539 5548 632 5675 alii
656 5551 781 5678 telis
806 5553 1042 5720 angusta
1064 5552 1289 5679 viarum
1327 5706 1330 5711 Ι

217 5810 511 5980 Opposrti,
540 5812 657 5933 stat
672 5806 809 5934 ferri
831 5809 980 5935 acies
1005 5816 1297 5936 mucrone
1313 5811 1548 5936 corusco

213 6065 446 6209 Stricta,
474 6099 675 6236 parata
700 6067 829 6192 neci
845 6113 879 6188 ε,
903 6071 1002 6193 vix
1027 6068 1200 6240 primi
1222 6067 1440 6237 proelia
1463 6097 1694 6194 tentant

221 6330 529 6448 Portarum
553 6322 768 6490 vigiles,
798 6357 857 6449 et
880 6372 1052 6451 caeco
1076 6329 1270 6475 Marte
1292 6326 1589 6489 τεῖιίὶυηϊ.Ι

224 6579 470 6706 Talibus
494 6577 838 6750 Othryadae
863 6583 1029 6709 dictis
1053 6616 1112 6710 et
1134 6585 1375 6710 numine
1401 6581 1628 6707 Divdm

229 6840 300 6961 In
320 6836 585 6966 flammas
605 6872 668 6967 et
690 6839 934 6998 inarma
958 6837 1136 6967 seror:
1178 6889 1301 7011 quo
1325 6842 1487 6968 tristis
1511 6839 1783 7012 Erinnys,
1838 6970 1843 6977 ,
1897 6966 1935 6979 ,,
1967 6954 1987 6976 r

1082 7125 1105 7227 3
1141 7101 1175 7183 C
