5074 8524
657 831 780 957 126
912 825 1404 955 GE'ORG.
1493 822 1730 952 [ΓΒ.
1808 824 1911 954 lv.
2002 872 2058 955 v.
2102 832 2234 1002 154.-

646 1118 822 1246 Urbis
845 1116 1084 1264 habent,
1114 1118 1454 1288 magnisque
1479 1118 1699 1289 agitant
1718 1115 1821 1245 sub
1844 1116 2071 1291 legibus
2096 1167 2309 1257 aevum:

647 1378 725 1503 Et
749 1376 997 1549 patriam
1019 1377 1184 1521 solae,
1214 1409 1273 1502 et
1296 1407 1482 1503 certos
1506 1370 1720 1502 novere
1743 1376 1995 1548 penatis:

645 1636 1065 1802 Venturaeque
1095 1633 1300 1759 hiemis
1326 1678 1617 1759 memores
1635 1634 1845 1760 aestate
1866 1632 2132 1761 laborem

649 1892 1061 2063 Experiuntur,
1090 1890 1232 2018 etin
1255 1888 1517 2016 medium
1543 1894 1794 2058 quaefita
1817 1926 2132 2063 reponunt.

651 2145 929 2318 Namque
952 2147 1096 2274 aliae
1119 2148 1280 2275 victu
1301 2145 1619 2318 invigilant,
1648 2181 1708 2274 et
1737 2144 1970 2274 foedere
1994 2182 2171 2320 pacto
2215 2197 2218 2203 ⁵

653 2402 1015 2532 Exercentur
1037 2405 1208 2575 agris:
1242 2450 1373 2576 pars
1396 2404 1547 2531 intra
1569 2405 1728 2576 septa
1752 2403 2073 2533 domorum

443 2783 450 2796 .
542 2661 545 2664 ’
652 2656 893 2789 Narc‘ufi
915 2661 1227 2804 lacrimam,
1257 2695 1316 2787 et
1338 2660 1566 2787 lentum
1592 2659 1666 2787 de
1691 2662 1902 2789 cortice
1925 2662 2148 2834 gluten,

651 2920 848 3045 Prima
869 2916 1010 3045 favis
1034 2952 1269 3091 ponunt
1291 2914 1650 3045 fundamina.
1697 2919 1932 3047 Deinde
1955 2923 2174 3048 tenacis

653 3174 1030 3348 Suspendunt
1052 3222 1236 3303 ceras:
1275 3175 1436 3320 aliae,
1466 3179 1625 3348 spem
1649 3177 1854 3347 gentis,
1884 3177 2119 3305 adultos

651 3432 933 3561 Educunt
955 3430 1172 3560 foetus:
1214 3434 1358 3559 aliae
1381 3428 1674 3603 puriffima
1697 3432 1868 3559 mella

655 3692 915 3862 Stipant:
956 3724 1015 3816 et
1038 3689 1262 3859 liquido
1288 3686 1627 3818 distendunt
1650 3723 1881 3817 nectare
1906 3691 2105 3878 cellas.¹

655 3955 821 4092 Sunt,
852 3947 1064 4116 quibus
1089 3947 1164 4075 ad
1186 3942 1385 4121 portas
1409 3947 1618 4075 cecidit
1640 3947 2087 4141 custodiasorti:
2271 3994 2273 3998 ’

630 4157 840 4380 ‘Inque
862 4209 1050 4335 vicem
1072 4204 1440 4378 speculantur
1462 4252 1659 4375 aquas,
1691 4240 1750 4333 et
1773 4205 1975 4333 nubila
1999 4206 2174 4390 coeli:

652 4452 787 4596 Aut
810 4513 987 4592 onera
1011 4462 1313 4635 adcipiunt
1334 4464 1692 4607 venientum,
1721 4497 1823 4591 aut
1846 4466 2080 4637 agmine
2103 4464 2244 4594 facto

652 4729 956 4895 Ignavum,
986 4718 1169 4866 fucoS,
1197 4764 1378 4891 pecus
1402 4767 1436 4845 a
1457 4718 1830 4893 praesepibus
1855 4756 2074 4850 arcent.
2169 4726 2171 4729 ’

649 4984 859 5117 Fervet
882 5024 1050 5152 opus,
1078 4977 1462 5147 redolentque
1486 4977 1698 5149 thymo
1725 4975 2032 5151 fragrantia
2059 4979 2231 5110 mella.

650 5248 750 5367 Ac
773 5238 970 5383 veluti,
999 5236 1168 5363 lentis
1195 5234 1491 5409 Cyclopes
1515 5232 1760 5362 fulmina
1783 5230 1968 5365 mallis

651 5500 863 5666 Qum
885 5525 1222 5668 properant,
1252 5493 1346 5619 alii
1368 5493 1604 5620 taurinis
1629 5489 1864 5620 follibus
1888 5540 2054 5621 auras
2199 5548 2202 5553 ·
2266 5540 2270 5545 ·

649 5751 985 5925 Adcipiunt
1005 5747 1397 5920 redduntque,
1421 5749 1514 5877 alii
1535 5749 1829 5878 stridentia
1852 5751 2129 5923 tinguunt
2210 5679 2216 5691 ·

651 6018 812 6138 Aera
834 6010 992 6138 lacu:
1033 6009 1216 6182 gemit
1237 6007 1497 6181 inpositis
1519 6007 2073 6136 incudibusAetna.
2143 6104 2146 6111 -

649 6266 740 6394 Illi
762 6270 912 6396 inter
932 6270 1041 6395 sese
1065 6313 1277 6438 magna
1299 6267 1357 6395 vi
1381 6265 1619 6393 brachia
1648 6266 1866 6392 tollunt

591 6689 606 6717 y·
648 6531 721 6651 In
745 6573 1074 6671 numerum,
1101 6525 1442 6694 versantque
1465 6523 1654 6651 tenaci
1679 6520 1901 6696 forcipe
1927 6521 2153 6652 ferrum.

648 6785 711 6911 N
713 6829 795 6914 on
818 6786 995 6930 aliter,
1023 6786 1264 6954 fiparva
1285 6781 1420 6909 licet
1444 6827 1778 6953 conponere
1800 6783 2044 6952 magnis,
