5106 8526
586 875 720 1010 206
857 868 1451 999 Aruernos
1509 873 1706 1001 mu.
1763 872 1839 997 11.
1895 872 2127 1036 ana

585 1168 761 1295 Ferro
785 1161 1054 1292 adcincta
1074 1191 1264 1291 vocat.

579 1398 724 1596 'Jam
747 1424 1002 1551 summas
1021 1419 1164 1549 arcis
1187 1417 1461 1546 Tritonia
1490 1420 1743 1592 (respice)
1776 1418 1970 1546 Pallas.

588 1681 820 1823 Insedit,
847 1676 1056 1808 nimbo
1077 1673 1357 1846 effulgens
1380 1708 1440 1805 et
1464 1680 1750 1849 Gorgone
1770 1678 1951 1805 saeva.

588 1943 715 2110 Ipse
740 1944 913 2066 Pater
936 1936 1160 2064 Danais
1181 1935 1409 2062 animos
1430 1935 1698 2104 uncoque
1717 1932 1995 2063 secundas

590 2194 837 2327 Sufficit:
877 2190 996 2366 ipse
1019 2198 1187 2321 Deos
1207 2194 1272 2319 in
1295 2190 1576 2321 Dardana
1594 2193 1821 2320 suscitat
1842 2238 2018 2321 arma.

589 2457 784 2631 Eripe,
811 2484 971 2595 nate,
994 2448 1212 2622 fugam,
1239 2448 1537 2618 finemque
1556 2451 1777 2625 inpone
1799 2448 2000 2579 labori

590 2715 897 2882 Nusquam
922 2706 1116 2851 abero,
1144 2738 1205 2833 et
1227 2738 1425 2835 tntum
1449 2709 1638 2878 patrio
1660 2740 1719 2835 tc
1741 2706 1941 2837 limine
1961 2708 2168 2835 fistam.

590 2961 864 3100 Dixerat:
899 3000 959 3093 et
980 2960 1153 3138 fpiffis
1173 2964 1365 3092 noctis
1382 2965 1440 3094 se
1460 2963 1731 3095 condidit
1750 2963 1987 3093 umbris,

362 3360 369 3371 ,
589 3226 908 3400 Adparent
931 3221 1087 3350 dirae
1110 3219 1303 3365 facies,
1328 3221 1676 3393 inimicaque
1700 3223 1921 3396 Trojae

591 3484 855 3666 Numina
878 3524 1090 3652 magna
1116 3479 1338 3606 Derim.

677 3747 842 3866 Tum
864 3783 1003 3865 vero
1026 3780 1205 3862 omne
1228 3736 1373 3863 mihi
1394 3736 1579 3864 visum
1601 3733 1980 3865 confiderem
2002 3735 2149 3905 ignis
2222 3759 2227 3768 “

588 3998 789 4142 Ilium,
807 4029 868 4124 et
891 4042 970 4121 ex
988 3997 1110 4121 imo
1132 3995 1281 4121 verti
1302 3981 1609 4166 Neptunia
1630 3997 1826 4169 Troja.

588 4262 688 4380 Ac
712 4250 892 4381 veluti
913 4250 1147 4377 summis
1173 4248 1474 4418 antiquam
1497 4251 1560 4377 in
1583 4247 1883 4382 montibus
1906 4296 2138 4394 omum,

589 4517 801 4682 Quam
823 4505 975 4635 ferro
997 4503 1248 4634 adcisam
1271 4504 1599 4676 crebrisque
1621 4507 1977 4682 bipennibus
1998 4509 2213 4639 instant
2242 4533 2247 4543 ’

587 4773 805 4893 Emere
829 4761 1114 4936 agricolae
1134 4764 1397 4891 certatim
1408 4834 1423 4916 ;
1455 4763 1553 4892 illa
1573 4766 1753 4936 usque
1778 4768 2053 4912 minatur,

587 5029 665 5153 Et
687 5020 1024 5152 tremefacta
1046 5067 1279 5149 comam
1301 5020 1575 5151 concusso
1598 5027 1812 5155 vertice
1832 5042 2034 5186 nutat3

584 5278 940 5408 Volneribus
965 5278 1157 5407 donec
1181 5278 1486 5451 paullatim
1508 5280 1692 5411 evicta
1713 5285 2050 5455 supremum

587 5536 964 5708 congemuit,
992 5536 1285 5706 traxitque
1302 5538 1457 5712 jugis
1481 5538 1667 5667 avolsa
1688 5540 1936 5671 ruinam.
2035 5562 2038 5569 ’

584 5793 917 5937 Descendo,
944 5840 1011 5919 ac
1036 5792 1289 5923 ducente
1314 5799 1451 5925 Deo
1473 5792 1775 5926 flammam
1797 5798 1947 5931 inter
1969 5829 2029 5926 et
2053 5798 2235 5931 hostis

583 6052 898 6226 Expedior.
945 6054 1112 6180 Dant
1133 6050 1249 6182 tela
1269 6053 1484 6200 locum,
1511 6052 1902 6227 flammaeque
1922 6057 2221 6189 recedunt.

669 6317 879 6480 Atque
905 6309 1010 6438 ubi
1025 6312 1150 6486 jam
1173 6312 1393 6483 patriae
1416 6345 1766 6485 perventum
1792 6312 1869 6443 ad
1891 6315 2090 6445 limina
2113 6318 2276 6465 sedia

581 6570 996 6739 Antiquusque
1021 6567 1257 6722 domos;
1294 6572 1538 6743 genitor,
1568 6617 1748 6740 quem
1769 6572 1972 6704 tollere
1995 6577 2057 6701 in
2080 6574 2227 6707 altos

584 6825 885 6998 Optabam
907 6826 1166 7002 primum
1188 6831 1422 6978 montis,
1450 6832 1825 7003 primumque
1848 6832 2148 7006 petebam;
