5106 8526
623 947 749 1029 212
891 892 1480 1033 Auunrnos
1538 894 1734 1023 ΗΒ.
1784 893 2161 1068 ·1r.v:17·52.·

619 1191 911 1360 Principio
936 1232 1133 1313 muros
1156 1185 1513 1354 obscuraque
1535 1185 1734 1313 limina
1756 1218 1977 1359 portae,

618 1452 759 1615 Qra
779 1430 1024 1616 gressum
1050 1443 1388 1586 extuleram,
1417 1475 1642 1617 repeto;
1684 1477 1744 1571 et
1763 1444 1997 1616 vestigia
2019 1476 2173 1607 retro

618 1701 933 1830 Observata
955 1696 1159 1871 sequor
1181 1745 1286 1872 per
1308 1733 1562 1843 noctem,
1590 1733 1650 1825 et
1672 1698 1894 1825 lumine
1916 1698 2109 1825 lustro,

616 1966 842 2085 Horror
865 1958 1081 2127 ubique
1105 1957 1346 2099 animos,
1374 1954 1541 2081 srmul
1565 1957 1683 2127 ipsa
1705 1956 1923 2083 srlentia
1945 1988 2179 2082 terrent.
2369 1974 2374 1983 ’

616 2214 765 2342 Inde
790 2214 1054 2355 domum,
1082 2208 1297 2339 srforte
1319 2210 1554 2382 pedem,
1582 2215 1625 2337 sr
1645 2212 1796 2340 sorte
1820 2208 2046 2355 tulisset,

614 2479 720 2598 Me
743 2471 946 2598 resero
992 2473 1297 2594 Inruerant
1321 2468 1531 2612 Danai,
1561 2502 1619 2594 et
1642 2503 1864 2595 tectum
1889 2514 2067 2595 omne
2092 2467 2373 2599 tenebant.

613 2730 777 2855 Ilicet
800 2728 945 2897 ignis
969 2722 1123 2851 edax
1147 2728 1369 2848 summa
1392 2724 1469 2850 ad
1490 2722 1706 2897 fastigia
1728 2759 1908 2853 vento

611 2984 912 3111 Volvitur:
955 2985 1300 3153 exsuperant
1322 2978 1621 3108 flammae:
1661 2980 1800 3108 furit
1822 2987 2006 3113 aestus
2031 2981 2108 3109 ad
2131 3028 2310 3108 auras.

613 3239 897 3384 Proced0,
927 3269 986 3364 et
1007 3238 1225 3363 ‘Priami
1247 3238 1405 3365 sedes
1431 3285 1741 3409 arcemque
1764 3241 1958 3367 reviso,

612 3504 690 3624 Et
706 3499 829 3671 jam
853 3494 1173 3666 porticibus
1197 3494 1392 3619 vacuis
1414 3496 1666 3661 Junonis
1690 3495 1844 3667 asylo

613 3751 903 3880 Custodes
925 3752 1058 3877 lecti
1084 3750 1354 3877 Phoenix
1377 3784 1436 3876 et
1460 3749 1615 3876 dirus
1638 3753 1841 3879 Ulixes

612 4008 896 4135 Praedam
921 4006 1313 4137 adservabant.
1357 3971 1496 4133 Huc
1519 4006 1781 4176 undique
1805 4014 1991 4185 Troia
2014 4058 2158 4183 gaza

608 4267 857 4397 Incensrs
881 4300 1079 4435 erepta
1103 4263 1310 4434 adytis,
1340 4266 1684 4431 mensaeque
1712 4270 1999 4409 Deorum,

607 4530 991 4690 Crateresque
1016 4565 1156 4643 auro
1178 4514 1360 4660 solidi,
1391 4520 1735 4691 captivaque
1757 4523 1923 4653 vestis

607 4777 974 4946 Congeritur.
1019 4776 1192 4900 Puen'
1216 4806 1276 4900 et
1294 4773 1542 4947 pavidae
1565 4776 1744 4947 longo
1767 4777 1972 4908 ordine
1993 4813 2204 4907 matres

605 5045 775 5164 Stant
798 5034 1029 5159 circum.

601 5280 799 5422 Ausus
824 5291 1143 5463 quinetiam
1167 5336 1341 5416 voces
1356 5290 1574 5464 jactare
1596 5338 1703 5465 per
1723 5284 2012 5440 umbram,

600 5548 830 5720 Inplevi
854 5547 1105 5672 clamore
1127 5546 1265 5690 vias,
1295 5546 1657 5716 maestusque
1684 5553 1963 5678 Creusam

600 5802 1025 5975 Nequidquam
1047 5803 1408 5973 ingeminans
1431 5805 1759 5977 iterumque
1781 5806 2109 5980 iterumque
2132 5808 2353 5936 vocavi.

597 6061 939 6232 Quaerenti,
970 6091 1031 6185 et
1053 6062 1216 6186 tectis
1239 6059 1397 6185 urbis
1418 6062 1536 6187 sme
1558 6062 1675 6189 fine
1698 6061 1927 6209 furenti,

596 6314 806 6443 Infelix
827 6312 1197 6443 fimulacmm
1221 6349 1395 6484 atque
1418 6316 1589 6488 ipsrus
1611 6317 1821 6447 umbra
1847 6324 2096 6489 Creiisae

593 6574 730 6699 Visa
755 6574 899 6699 mihi
921 6606 1055 6700 ante
1080 6573 1298 6716 oculos,
1327 6606 1386 6699 et
1407 6607 1550 6700 nota
1572 6576 1756 6753 major
1776 6578 1989 6751 imago

597 6828 908 7003 Obstupui,
928 6831 1331 7006 steteruntque
1356 6876 1580 6977 comae,
1610 6867 1669 6962 et
1690 6878 1812 6965 vox
1837 6832 2102 6968 faucibus
2125 6837 2326 6969 haefit
