5106 8526
472 881 1067 1011 AENElD-OS
1126 884 1324 1008 LIB.
1382 884 1487 1010 ΙΙΙ,
1544 881 1737 1053 v.85.
1889 925 2023 1057 219

200 1176 298 1304 Da
320 1176 636 1347 propriam,
667 1171 1067 1346 Thymbraee,
1096 1171 1369 1300 domum:
1413 1174 1490 1303 da
1512 1174 1745 1302 moenia
1767 1169 1932 1320 fersn,

199 1432 276 1561 Et
298 1480 500 1604 genus,
532 1465 591 1561 et
613 1436 938 1560 mansuram
963 1430 1187 1558 urbem.
1233 1437 1408 1557 Serva
1432 1431 1610 1559 altera
1630 1434 1848 1607 Trojae

198 1694 498 1860 Pergama,
526 1690 791 1860 reliquias
816 1687 1098 1818 Danalrm
1123 1722 1298 1858 atque
1321 1689 1538 1815 inmitis
1563 1688 1806 1815 Achilli.

197 1954 400 2120 Qrem
424 1947 747 2117 sequimur?
787 1994 981 2117 quove
1002 1948 1084 2073 ire
1098 1946 1304 2121 jubes?
1340 1944 1445 2072 ubi
1468 1993 1688 2118 ponere
1709 1944 1905 2076 sedes?

198 2212 314 2349 Da,
343 2237 525 2378 pater,
556 2209 861 2377 augurium
871 2276 886 2356 ;
927 2236 1103 2372 atque
1128 2204 1336 2329 animis
1358 2202 1613 2333 inlabere
1635 2205 1860 2360 nostris.

283 2462 407 2586 Vix
431 2509 499 2589 ea
522 2460 676 2606 latus
700 2509 888 2591 eram:
922 2496 1170 2591 tremere
1193 2461 1393 2587 omnia
1414 2463 1529 2588 visa
1550 2498 1814 2639 repente,

73 2798 77 2805 κ
196 2720 565 2890 Liminaquc‚
593 2721 905 2890 laurusque
929 2720 1047 2872 dei;
1087 2752 1365 2889 totusque
1387 2722 1611 2847 moveri

196 2984 380 3106 Mons
406 2978 644 3122 circum,
671 3014 732 3106 ct
754 2979 976 3150 mugire
1001 2974 1195 3151 adytis
1222 2976 1443 3104 cortina
1464 2979 1710 3107 reclusrs.

199 3231 469 3364 Submiffi
490 3238 747 3408 petimus
770 3270 999 3379 terram,
1029 3268 1089 3363 et
1110 3280 1232 3362 vox
1255 3232 1438 3361 fertur
1460 3233 1537 3362 ad
1559 3240 1740 3365 auris:
1847 3192 1854 3205 .

197 3491 577 3621 Dardanidae
601 3489 748 3636 duri,
779 3536 928 3661 quae
951 3536 1056 3619 vos
1080 3538 1115 3617 a
1136 3493 1309 3661 stirpe
1333 3528 1648 3663 parentum

198 3750 398 3875 Prima
420 3748 553 3876 tulit
573 3747 758 3892 tellus,
787 3746 993 3875 eadem
1016 3793 1122 3873 vos
1144 3744 1326 3872 ubere
1354 3746 1509 3875 laeto

197 4007 488 4178 Adcipiet
509 4004 768 4131 reduces.
812 4007 1147 4173 Antiquam
1172 4006 1457 4171 exquirite
1480 4038 1745 4136 matrem.

194 4267 322 4393 ch
348 4260 560 4390 domus
585 4269 830 4389 Aeneae
853 4262 1077 4389 cunctis
1102 4260 1503 4390 dominabitur
1523 4267 1656 4409 oris,
1750 4408 1754 4423 .

196 4527 282 4650 Et
305 4522 426 4648 nati
448 4550 741 4664 natorum,
770 4550 830 4645 et
852 4520 955 4688 qui
978 4523 1282 4646 nascentur
1304 4517 1380 4645 ab
1404 4520 1532 4651 illis.

196 4787 372 4910 Haec
398 4777 705 4905 Phoebus:
746 4778 1052 4947 mixtoque
1074 4778 1277 4948 ingens
1302 4809 1509 4906 exorta
1532 4781 1793 4913 tumultu

198 5035 486 5164 Laetitia:
530 5067 590 5159 et
612 5034 825 5176 cuncti,
855 5079 1007 5202 quae
1029 5038 1139 5161 srnt
1162 5080 1231 5160 ea
1253 5035 1504 5179 moenia,
1534 5071 1823 5204 quaerunt
1833 5113 1851 5195 ς

201 5299 356 5462 Qo
381 5289 660 5418 Phoebus
681 5325 855 5418 vocet
878 5292 1132 5437 errantis,
1153 5290 1477 5466 jubeatque
1499 5297 1724 5424 reverti.

200 5555 374 5679 Tum
397 5551 640 5719 genitor,
664 5582 931 5707 veterum
953 5550 1193 5680 volvem
1216 5584 1604 5681 monumenta
1624 5555 1899 5700 virorum,

199 5807 459 5951 Audite,
487 5853 526 5930 ο
548 5850 835 5978 proceres,
863 5809 962 5953 ait,
991 5842 1050 5937 et
1071 5810 1197 5982 spes
1223 5806 1420 5937 discite
1441 5813 1668 5940 vestras.

202 6073 392 6194 Creta
415 6065 582 6232 Jovis
606 6066 801 6236 magni
823 6066 1020 6193 medio
1036 6068 1195 6242 jacet
1215 6064 1395 6195 insula
1415 6102 1631 6241 pont03

197 6329 395 6451 Mons
420 6321 630 6449 Idaeus
649 6322 771 6467 ubi,
799 6355 861 6450 et
881 6324 1067 6497 gentis
1090 6323 1383 6473 cunabula
1407 6328 1649 6455 nostrae,

201 6585 476 6706 Centum
501 6580 672 6710 urbes
701 6582 969 6760 habitant
991 6626 1251 6756 magnas,
1275 6580 1568 6751 uberrima
1588 6632 1791 6761 regna:

196 6839 517 6971 Maximus
542 6841 700 6973 unde
723 6875 906 7016 pater,
932 6843 1103 6973 srrite
1126 6841 1323 6973 audita
1344 6842 1635 6991 recordor,
1813 6990 1819 6995 ,
