5202 8512
458 852 521 972 G
565 849 719 973 EO
765 849 827 971 R·
869 849 946 975 G.
1034 848 1088 973 L
1133 847 1296 975 1131.
1360 847 1410 974 Ι.
1493 898 1547 975 v.
1583 862 1730 1021 315.
1925 846 2009 978 61

177 1145 497 1266 Frumenta
518 1135 581 1259 in
604 1135 769 1265 viridi
791 1134 996 1309 stipula
1019 1136 1290 1266 lactentia
1314 1142 1627 1311 turguent?

185 1404 371 1568 Saepe
396 1438 524 1565 ego,
555 1439 739 1562 quum
762 1391 925 1520 flavis
949 1392 1249 1523 messorem
1273 1396 1578 1525 induceret
1600 1401 1744 1527 arvis
1894 1456 1897 1459 ·
1987 1420 1993 1505 ἓ

179 1649 477 1823 Agricola,
506 1682 567 1775 et
588 1645 771 1819 fragili
785 1651 911 1824 jam
934 1652 1230 1824 stringeret
1252 1653 1476 1781 hordea
1499 1655 1713 1802 culm0,
1780 1706 1808 1717 ⁴·
1979 1780 1982 1784 ,

181 1909 401 2037 Omnia
422 1937 735 2033 ventorum
760 1953 1102 2035 concurrere
1124 1911 1343 2082 proelia
1363 1910 1510 2037 vidi:

180 2172 355 2336 Qrae
377 2161 673 2333 gravidam
696 2161 811 2290 late
832 2166 1080 2335 segetem
1105 2166 1180 2292 ab
1204 2167 1489 2296 radicibus
1512 2170 1642 2299 imis

181 2421 442 2548 Sublime
467 2419 764 2592 expulsam
788 2455 1077 2549 eruerent:
1119 2425 1198 2548 ita
1223 2410 1454 2551 turbine
1477 2429 1648 2596 nigro
1720 2479 1725 2531 2

179 2683 378 2805 Ferret
398 2676 584 2803 hiems
609 2675 988 2849 culmumque
1010 2680 1201 2807 levem
1223 2681 1573 2855 stipulasque
1596 2684 1860 2813 volantis.

184 2942 370 3108 Saepe
394 2935 570 3062 etiam
589 2934 918 3061 inmensum
942 2936 1107 3063 coelo
1130 2940 1289 3066 venit
1313 2940 1521 3110 agmen
1546 2988 1847 3111 aquarum,

180 3197 259 3319 Et
282 3188 519 3319 foedam
535 3190 868 3361 glomerant
895 3196 1297 3366 tempestatem
1320 3197 1600 3325 imbribus
1624 3199 1757 3325 atris

184 3448 481 3577 Collectae
505 3493 581 3575 ex
605 3447 724 3574 alto
747 3449 961 3578 nubes:
984 3453 1117 3578 ,ruit
1140 3453 1352 3581 arduus
1377 3454 1594 3600 aether,

182 3715 259 3836 Et
283 3707 478 3883 pluvia
501 3707 861 3876 ingentisata
884 3706 1034 3834 laeta
1056 3710 1359 3879 boumque
1382 3711 1609 3840 labores
1774 3761 1781 3770 ·

185 3964 400 4094 Diluit:
434 3962 731 4134 inplentur
752 3960 942 4108 follae,
972 4000 1031 4092 et
1055 4014 1194 4094 cava
1214 3966 1461 4095 flumina
1485 3970 1743 4097 crescunt

185 4229 345 4352 Cum
367 4220 572 4362 sonitu,
602 4217 902 4387 fervetque
926 4218 1083 4348 fretis
1104 4223 1455 4393 spirantibus
1471 4272 1704 4395 aequor.

182 4482 310 4654 Ipse
334 4484 523 4620 Pater,
554 4474 746 4604 media
768 4476 1105 4603 nimborum
1129 4480 1191 4603 in
1212 4511 1412 4625 nocte,
1436 4484 1668 4608 corusca
1730 4592 1733 4599 .
1794 4544 1797 4547 ·
1981 4592 1988 4599 .

181 4737 452 4867 Fulmina
475 4733 711 4860 molitur
734 4729 970 4861 dextra:
1012 4785 1131 4904 quo
1156 4746 1631 4865 maxumamotu

183 4996 368 5121 Terra
391 4993 614 5119 tremit:
657 4987 857 5159 fugere
879 4987 1061 5116 ferae:
1102 5027 1162 5118 et
1184 4993 1449 5120 mortalia
1464 4994 1650 5121 *corda
1713 5106 1716 5112 λ
1836 5008 1840 5013 ’

188 5259 299 5379 Per
320 5281 522 5420 gentes
545 5244 779 5372 humilis
801 5248 996 5373 stravit
1017 5294 1213 5420 pavor.
1266 5247 1370 5376 Ille
1392 5249 1659 5420 flagranti

188 5516 321 5635 Aut
346 5505 538 5648 Atho,
567 5537 668 5631 aut
689 5503 1051 5676 Rhodopen,
1081 5542 1183 5632 aut
1206 5505 1320 5633 alta
1346 5510 1638 5636 Ceraunia
1659 5509 1778 5636 telo
1985 5620 1989 5629 .

189 5764 431 5937 Dejicit:
474 5763 835 5932 ingeminant
857 5764 1042 5907 austri,
1073 5794 1133 5891 et
1156 5760 1507 5892 densrffrmus
1530 5767 1717 5894 imber
1728 5812 1750 5889 r

188 6028 369 6147 Nunc
391 6065 633 6146 nemora
656 6021 877 6192 ingenti
898 6053 1095 6163 vent0,
1123 6066 1283 6148 nunc
1305 6022 1474 6150 litora
1495 6024 1800 6197 plangunt.

185 6284 324 6405 Hoc
348 6310 631 6419 metuens,
661 6277 808 6405 coeli
832 6280 1068 6422 menses,
1098 6311 1157 6406 et
1177 6276 1361 6406 sidera
1383 6282 1555 6424 serva,

185 6531 418 6703 Frigida
442 6535 674 6663 Saturni
696 6537 805 6663 sese
829 6582 949 6706 quo
973 6534 1130 6662 stella
1152 6568 1438 6708 receptet:
1467 6522 1471 6529 ⁵

188 6796 362 6960 ans
387 6790 532 6960 ignis
556 6790 704 6916 coeli
729 6791 1030 6964 Cyllenius
1055 6826 1202 6921 erret
1224 6794 1286 6918 in
1309 6793 1495 6921 orbes
1587 6848 1665 6919 .ῑ..,τ
1738 6912 1745 6925 ,
1780 6914 1784 6923 .

1076 7054 1156 7177 Q
