5106 8526
485 867 1076 995 AENEIDOS
1137 870 1336 995 LIB.
1393 874 1497 999 IV.
1554 874 1781 1044 v.637.
1916 913 2055 1046 275,

228 1157 319 1283 Sic
341 1153 552 1281 veniat.
597 1153 813 1325 Tuque
836 1157 954 1327 ipsa
976 1157 1073 1329 pia
1096 1190 1225 1329 tege
1250 1190 1519 1333 tempora
1542 1167 1702 1291 vitta.

225 1418 397 1539 Sacra
420 1414 558 1579 Jovi
583 1414 804 1583 Stygio,
835 1460 982 1580 quae
1006 1416 1113 1540 rite
1134 1417 1367 1587 incepta
1392 1422 1607 1588 paravi,

220 1668 501 1796 Perficere
525 1670 605 1795 est
626 1669 870 1814 animus,
899 1671 1194 1839 finemque
1218 1673 1501 1844 inponere
1527 1676 1700 1828 curis;

220 1922 620 2094 Dardaniique
641 1970 850 2098 rogum
875 1928 1074 2099 capitis
1098 1928 1432 2099 permittere
1453 1929 1742 2060 flammae.

134 2232 138 2239 ·
218 2183 311 2309 Sic
334 2182 429 2310 ait.
472 2180 577 2307 llla
598 2179 844 2351 gradum
869 2182 1058 2309 studio
1081 2184 1366 2312 celerabat
1391 2187 1619 2314 anilem.

215 2447 308 2564 At
330 2435 572 2610 trepida,
602 2472 660 2564 et
685 2441 904 2611 coeptis
927 2440 1258 2569 inmanibus
1282 2438 1453 2569 effera
1477 2444 1658 2589 Dido,

214 2697 605 2865 Sanguineam
625 2695 865 2823 volvens
890 2699 1089 2840 aciem,
1119 2698 1477 2867 maculisque
1502 2702 1800 2830 trementis
1833 2824 1837 2833 .

212 2951 493 3078 Interfusa
514 2999 707 3121 genas,
738 2987 797 3080 et
818 2951 1036 3126 pallida
1061 2985 1249 3079 morte
1271 2952 1483 3101 futura,

212 3209 497 3334 Interiora
520 3207 731 3336 domus
754 3209 1036 3384 inrumpit
1059 3211 1276 3355 limina,
1304 3244 1364 3337 ct
1387 3213 1532 3340 altos

212 3462 570 3593 Conscendit
591 3462 906 3591 furibunda
927 3510 1115 3636 rogos,
1145 3468 1453 3637 ensemque
1478 3468 1726 3602 recludit

212 3718 600 3863 Dardanium,
626 3767 750 3848 non
772 3722 880 3849 hos
905 3725 1224 3890 quaesitum
1247 3769 1460 3850 munus
1483 3727 1546 3848 in
1569 3730 1716 3853 usus.

211 3979 349 4120 Hic,
377 3978 687 4149 postquam
712 3977 913 4105 Iliacas
935 3980 1102 4107 vestis
1125 3972 1452 4149 notumque
1477 3978 1668 4111 cubile

215 4235 555 4405 Conspexit,
584 4233 849 4405 paullum
871 4235 1114 4361 lacrimis
1139 4270 1197 4363 et
1220 4272 1416 4366 mente
1441 4272 1681 4385 morata,

210 4489 603 4660 Incubuitque
626 4524 775 4635 toro,
804 4490 1068 4661 dixitque
1091 4488 1388 4619 novissima
1411 4494 1617 4621 verba:

213 4747 437 4875 Dulees
462 4747 721 4892 exuviae,
752 4746 897 4875 dum
922 4745 1040 4875 fata
1065 4755 1347 4919 Deusque
1370 4749 1650 4896 smebant,

210 5003 498 5176 Adcipite
520 5004 673 5131 hanc
697 5005 968 5149 animam,
998 5052 1210 5175 meque
1234 5007 1322 5132 his
1347 5007 1619 5135 exsolvite
1644 5010 1809 5140 curis.

208 5264 368 5405 Vixi,
398 5294 474 5403 et,
504 5306 682 5429 quem
705 5258 943 5389 dederat
965 5264 1190 5388 cursum
1214 5260 1466 5410 fortuna,
1494 5266 1717 5438 peregi:

211 5525 289 5646 Et
311 5566 469 5644 nunc
494 5565 705 5689 magna
729 5521 844 5645 mei
868 5518 969 5645 sub
993 5554 1167 5649 terras
1190 5521 1298 5648 ibit
1320 5523 1528 5693 imago.

213 5774 438 5901 Urbem
461 5776 812 5948 praeclaram
836 5777 1034 5903 statui:
1076 5825 1205 5905 mea
1229 5779 1462 5905 moenia
1483 5779 1629 5907 vidi:

213 6031 354 6159 Ulta
375 6033 583 6177 virum,
612 6080 829 6206 poenas
852 6035 1088 6163 inimico
1113 6082 1147 6160 a
1169 6032 1340 6163 fratre
1361 6037 1588 6210 recepi:

212 6288 393 6432 Felix,
422 6291 539 6417 heu
562 6292 810 6417 nimium
833 6287 989 6434 felix,
1016 6295 1058 6417 fi
1079 6290 1246 6419 litora
1267 6326 1497 6420 tantum

217 6551 561 6713 Numquam
589 6547 920 6675 Dardaniae
943 6545 1251 6720 tetigissent
1273 6553 1465 6677 nostra
1489 6551 1737 6679 carinae!

220 6803 415 6933 Dixit:
458 6838 535 6949 et,
562 6851 628 6937 os
656 6801 899 6978 inpressa
923 6839 1069 6951 toro,
1100 6808 1429 6953 Morientur
1448 6804 1683 6954 inultae,
1769 6954 1775 6961 ,
