5106 8526
615 897 1735 1060 208auun1uosn1ss.
1794 897 1870 1026 11.
1927 869 2157 1025 emo.

611 1196 689 1317 Et
712 1186 869 1316 sedet
893 1187 1008 1313 hoc
1033 1188 1247 1331 anim0,
1276 1189 1682 1359 perituraeque
1707 1186 1920 1314 addere
1943 1186 2164 1360 Trojae

613 1451 824 1617 Teque
848 1479 1100 1613 tuosque
1116 1446 1315 1620 juvat:
1359 1476 1523 1617 patet
1544 1445 1631 1569 isti
1647 1446 1829 1617 janua
1851 1442 2033 1585 leth0,

612 1711 867 1872 Jamque
891 1701 1075 1829 aderit
1098 1700 1287 1830 multo
1314 1702 1528 1828 Priami
1553 1700 1626 1828 de
1649 1701 1919 1871 sanguine
1946 1698 2220 1871 Pyrrhus,

615 1967 844 2088 Natum
868 1994 1003 2086 ante
1026 2006 1126 2085 ora
1148 1959 1341 2131 patria,
1371 1991 1598 2130 patrem
1622 1960 1725 2128 qui
1747 1956 2060 2085 obtruncat
2083 1956 2162 2084 ad
2187 2006 2309 2088 aras.
2497 1944 2498 1961 ἶ

616 2224 752 2345 Hoc
776 2251 914 2361 erat,
943 2217 1095 2343 alma
1118 2265 1344 2389 parenS,
1371 2214 1538 2386 quod
1561 2263 1657 2342 me
1680 2264 1786 2388 per
1808 2214 1940 2373 tela,
1970 2261 2076 2386 per
2096 2217 2239 2385 ignis

616 2477 825 2648 Eripis,
854 2506 923 2601 ut
945 2474 1149 2600 mediis
1172 2473 1398 2600 hostem
1421 2476 1482 2599 in
1504 2470 1915 2645 penetralibus,
1943 2505 2128 2640 utque
2497 2432 2498 2523 l

617 2734 956 2875 Ascanium,
984 2764 1330 2904 patremque
1358 2777 1574 2874 meum,
1593 2733 1882 2905 juxtaque
1910 2732 2211 2872 Creusam,

618 2991 894 3117 Alterum
917 2990 978 3112 in
1002 2987 1234 3115 alterius
1258 3020 1538 3116 mactatos
1561 2990 1832 3158 sanguine
1856 2989 2120 3113 cernam?

617 3254 825 3390 Arma,
853 3246 977 3388 viri,
1006 3244 1149 3372 ferte
1174 3293 1359 3370 arma:
1399 3279 1574 3370 vocat
1596 3244 1700 3371 lux
1723 3244 1932 3372 ultima
1952 3246 2154 3370 victos.

618 3503 878 3629 Reddite
903 3550 997 3627 me
1024 3504 1272 3629 Danais:
1314 3502 1478 3628 smite
1502 3502 1810 3631 instaurata
1832 3504 2068 3631 revisam

620 3759 862 3885 Proelia.
908 3762 1254 3927 Numquam
1277 3806 1481 3886 omnes
1505 3757 1689 3885 hodie
1713 3762 2030 3887 moriemur
2050 3756 2236 3884 inulti.

706 4018 863 4142 Hinc
889 4013 1040 4142 serro
1064 4016 1342 4188 adcingor
1363 3981 1566 4160 rurlirs,
1595 4015 1900 4190 clipeoque
1922 4019 2204 4143 smistram

618 4272 969 4402 Insertabam
994 4308 1217 4449 aptans,
1247 4321 1458 4443 meque
1483 4309 1646 4415 extra
1666 4308 1821 4403 tecta
1842 4274 2116 4403 ferebam.

618 4537 772 4658 Ecce
797 4563 994 4657 autem
1018 4530 1307 4703 conplexa
1329 4528 1512 4703 pedes
1535 4532 1597 4654 in
1618 4531 1816 4660 limine
1840 4535 2061 4709 conjux

616 4784 931 4930 Haerebat,
959 4833 1323 4959 parvumque
1346 4789 1497 4961 patri
1520 4786 1802 4916 tendebat
1826 4790 2046 4917 lulum:

619 5045 680 5172 Si
702 5044 990 5215 periturus
1015 5042 1154 5188 abis,
1184 5079 1243 5172 et
1264 5090 1372 5171 nos
1397 5094 1537 5218 rape
1560 5048 1621 5171 in
1644 5048 1842 5173 omnia
1866 5082 2090 5176 tecum:

618 5303 721 5427 Sin
745 5300 998 5471 aliquam
1022 5333 1296 5474 expertus
1318 5303 1516 5428 sumtis
1540 5307 1701 5475 spem
1724 5307 1898 5478 ponis
1920 5307 1983 5431 in
2006 5306 2196 5450 armis,

615 5565 788 5687 Hanc
813 5560 1072 5729 primum
1095 5593 1283 5686 tutare
1309 5558 1574 5686 domum.
1620 5544 1742 5687 Cui
1758 5596 1969 5735 parvus
1995 5562 2172 5706 Iulus,

616 5820 732 5945 Cui
753 5852 935 5991 pater,
956 5851 1025 5944 'et
1047 5817 1264 5990 conjux
1290 5815 1593 5986 quondam
1616 5853 1719 5945 tua
1743 5819 1897 5949 dicta
1918 5821 2243 5988 relinquor?

700 6076 870 6202 Talia
891 6071 1213 6203 vociferans
1236 6075 1457 6243 gemitu
1482 6108 1707 6203 tectum
1730 6123 1906 6205 omne
1926 6075 2219 6249 replebat:

614 6337 823 6501 Qum
845 6332 1115 6475 subitum,
1146 6331 1423 6502 dictuque
1447 6335 1628 6460 oritur
1651 6334 1911 6463 mirabile
1933 6336 2271 6462 monstrum.

613 6593 891 6760 Namque
914 6634 1119 6717 manus
1143 6592 1311 6734 inter,
1341 6594 1808 6762 maestorumque
1830 6642 1931 6725 ora
1952 6627 2279 6768 parentum,

613 6852 764 6975 Ecce
786 6847 927 6977 levis
950 6851 1176 6978 summo
1201 6849 1275 6978 de
1297 6851 1510 6981 vertice
1530 6852 1677 6979 visus
1703 6852 1813 6977 luli
