5074 8524
692 884 813 973 ιη
937 749 1446 977 οΕοκοζ
1511 851 1748 976 nro.
1820 851 1925 985 111.
2013 864 2249 1023 v·407'·

683 1136 1058 1265 Nocturnum
1071 1134 1310 1267 stabulis
1318 1132 1538 1284 -furem',
1566 1140 1934 1310 incursusque
1956 1141 2249 1317 luporum,

682 1400 820 1520 Aut
842 1394 1140 1566 inpacatos
1163 1443 1198 1522 a
1220 1386 1382 1569 teigo
1405 1396 1667 1525 horrebis
1692 1398 1959 1527 Hiberos.

684 1655 871 1825 Saepe
896 1656 1072 1782 etiam
1094 1644 1257 1784 cursu
1279 1652 1514 1782 timidos
1538 1650 1776 1826 agitabis
1798 1699 2092 1827 onagros·

682 1918 760 2045 Et
782 1914 1020 2043 canibus
1042 1912 1319 2087 leporem,
1346 1911 1585 2039 canibus
1607 1912 1892 2042 venabere
1907 1910 2137 2040 damas

684 2182 869 2346 Saepe
892 2169 1207 2300 volutabris
1228 2169 1423 2343 pulsos
1441 2168 1780 2299 silvestnbus
1803 2206 1975 2342 apros

683 2436 927 2560 Latratu
950 2425 1210 2556 turbabis
1233 2464 1425 2598 agens,
1453 2428 1787 2597 montisque
1805 2470 1913 2602 per
1934 2426 2090 2554 altos
2143 2486 2149 2491 ·

681 2695 988 2863 Ingentem
1011 2673 1270 2813 clamore
1283 2682 1516 2856 premes
1535 2683 1612 2811 ad
1633 2686 1775 2814 retia
1799 2726 2073 2811 cervum:
2120 2733 2129 2747 ’

683 2948 853 3074 Disce
875 2978 937 3073 et
958 2943 1265 3071 odoratam
1286 2939 1517 3072 stabulis
1541 2940 1868 3070 adcendere
1888 2940 2194 3085 oedrunr,·'

681 3201 1107 3368 Galbaneoque
1130 3184 1342 3369 agitare
1362 3198 1547 3371 gravis
1569 3198 1775 3326 nidore
1797 3196 2127 3371 chelydros.

682 3467 867 3630 Saepe
887 3458 992 3585 sub
1013 3457 1248 3583 inmotis
1270 3454 1634 3628 praesepibus
1658 3488 1760 3582 aut
1782 3394 1933 3582 mala
1954 3452 2121 3583 tactu
2170 3508 2178 3521 ·

677 3718 895 3887 Vipera
919 3712 1163 3856 delituit,
1190 3710 1537 3881 coelumque
1558 3714 1828 3841 exterrita
1850 3709 2032 3884 sugit:

677 3982 814 4099 Aut
835 4005 991 4099 tecto
1014 3970 1282 4098 adsuetus
1305 3968 1545 4099 coluber
1562 3970 1871 4099 succedere
1886 4003 1956 4097 et
1967 3968 2226 4113 umbrae,

679 4231 853 4357 Pestis
877 4227 1081 4356 acerba
1103 4224 1305 4373 boum,
1331 4227 1644 4401 pecorique
1668 4224 2012 4400 adspergere
2023 4228 2210 4373 virus,⁴

673 4486 846 4613 Fovit
866 4485 1134 4612 humum.
1180 4487 1347 4656 Cape
1367 4487 1500 4611 saxa·
1521 4520 1720 4629 manu,
1748 4526 1899 4657 cape
1914 4482 2149 4633 robora,
2174 4482 2344 4659 pallus

672 4742 1127 4910 Tollentemque
1149 4741 1334 4868 minas
1357 4772 1418 4868 et
1437 4740 1766 4869 srbilacolla
1787 4772 2130 4869 tumentem.

673 5002 894 5175 Dejice.
936 5003 1193 5167 Jamque
1214 4995 1351 5170 suga
1373 4996 1645 5124 timidum
1668 5029 1846 5173 caput
1867 4996 2098 5126 abdidit
2120 4999 2247 5142 alte

670 5261 881 5430 Qum
903 5253 1081 5383 medii
1102 5286 1306 5400 nexus,
1334 5288 1744 5424 extremaeque
1767 5248 1998 5430 agmina
2019 5256 2262 5385 caudae·

669 5512 1001 5657 Solvuntur,
1027 5509 1341 5681 tardosque
1364 5496 1548 5639 trahit
1561 5515 1715 5639 finus
1736 5512 1974 5640 ultimus
1997 5513 2172 5643 orbis.

667 5772 766 5896 Est
787 5772 963 5897 etiam
984 5768 1078 5895 ille
1101 5752 1286 5896 malus
1312 5768 1570 5898 Calabris
1592 5771 1654 5894 in
1675 5758 1910 5898 saltibus
1929 5772 2158 5941 anguis,

667 6033 955 6197 Squamea
978 6026 1330 6154 convolvens
1351 6024 1577 6156 sublato
1598 6061 1835 6200 pectore
1855 6062 2039 6198 terga,¹
2136 6200 2141 6215 ι

664 6292 873 6454 Atque
893 6286 1047 6413 notis
1069 6282 1306 6455 longam
1329 6280 1652 6412 maculosus
1672 6282 1989 6455 grandibus
2010 6281 2228 6410 alvumr

664 6543 790 6710 Qsi
812 6540 957 6667 dum
980 6588 1178 6669 amnes
1201 6524 1303 6670 ulli
1325 6574 1678 6714 rumpuntur
1699 6537 1977 6687 fontibus,
2006 6575 2068 6667 et
2088 6539 2226 6669 dum

658 6801 813 6927 Vere
839 6800 1080 6929 madent
1101 6799 1222 6928 udo
1244 6832 1444 6943 terrae,
1472 6845 1539 6924 ac
1561 6796 1905 6970 pluvialibus
1928 6796 2147 6940 austris,
