5106 8526
482 828 1327 956 AENEIDOSLIB.
1385 828 1489 953 IV.
1534 862 1773 993 .v.407.
1909 832 2035 998 265

220 1117 637 1289 Castigantque
655 1164 874 1247 moras:
916 1162 1094 1289 opere
1117 1118 1309 1243 omnis
1331 1116 1530 1244 semita
1551 1114 1752 1247 ferveti

215 1377 368 1546 Qis
392 1374 498 1503 tibi
514 1409 681 1518 ¹tuuc,
710 1372 894 1517 Dido,
924 1373 1183 1503 cernenti
1203 1373 1337 1547 talia
1360 1374 1578 1544 sensus?

214 1639 462 1804 Qrosve
485 1632 665 1762 dabas
686 1631 953 1803 gemitus,
984 1677 1170 1800 quum
1192 1631 1362 1760 litora
1385 1629 1604 1759 fervere
1628 1632 1743 1761 late
1832 1714 1835 1723 ·

211 1893 569 2062 Prospiceres
588 1938 722 2017 arce
746 1891 1083 2061 ear-summa,
1113 1921 1425 2058 totumque
1447 1888 1676 2020 rideres

210 2149 438 2273 Misceri
462 2180 598 2273 ante
621 2146 820 2274 oculos
844 2145 1017 2277 tantis
1043 2143 1393 2274 clamoribus
1417 2149 1670 2315 aequor?

209 2403 466 2576 Inprobe
490 2450 671 2548 amor,
701 2402 845 2573 quid
865 2450 990 2530 non
1010 2403 1278 2533 mortalia
1300 2439 1542 2576 pectora
1565 2406 1754 2576 cogis?

207 2667 299 2788 Ire
322 2664 535 2809 iterum
557 2661 919 2805 inlacrimaS,
946 2662 1163 2789 iterum
1185 2695 1407 2789 tentare
1430 2661 1728 2836 precando

208 2921 480 3090 Cogitur:
521 2953 581 3046 et
601 2919 848 3091 supplex
870 2920 1096 3047 animos
1117 2918 1452 3048 submittere
1476 2923 1687 3049 amori:

205 3180 303 3303 Ne
326 3174 469 3345 quid
492 3176 867 3347 inexpertum
887 3176 1092 3303 frustra
1114 3176 1394 3303 moritura
1416 3178 1719 3350 relinquat.

291 3438 492 3574 Anna,
521 3431 683 3558 vides
706 3464 836 3558 toto
857 3432 1158 3604 properari
1179 3430 1348 3559 litore
1373 3435 1621 3561 circum:

84 3808 86 3813 ,
201 3688 483 3859 Undique
508 3734 862 3816 convenere:
906 3721 1082 3814 vocat
1095 3689 1221 3863 jam
1241 3690 1509 3818 carbasus
1533 3738 1729 3821 auras:

201 3945 511 4118 Puppibus
535 3978 596 4073 et
616 3945 752 4073 laeti
775 3978 988 4071 nautae
1011 3946 1316 4116 inposuere
1340 3993 1598 4074 coronas.

200 4210 381 4330 Hunc
407 4249 516 4372 ego
538 4205 581 4326 sr
603 4204 773 4372 potui
795 4235 1026 4330 tantum
1048 4204 1271 4373 sperare
1294 4201 1577 4349 dolorem,

200 4464 279 4586 Et
302 4459 571 4632 perferre,
597 4463 769 4603 soror,
798 4494 1025 4631 potero.
1070 4459 1313 4586 Miserae
1335 4459 1455 4589 hoc
1476 4496 1678 4590 tamen
1699 4506 1888 4591 unum

197 4721 543 4886 Exsequere‚
573 4724 776 4860 Anna,
804 4716 967 4843 mihi.
1021 4715 1221 4844 Solam
1242 4764 1384 4844 nam
1408 4718 1664 4891 perfidus
1687 4718 1783 4847 ille

198 4979 294 5100 Te
318 4973 524 5119 colere,
553 5020 793 5100 arcanos
815 4973 993 5100 etiam
1014 4970 1123 5099 tibi
1147 4973 1618 5103 credere-sensus:

200 5232 339 5358 Sola
360 5234 464 5360 viri
489 5231 677 5359 mollis
691 5231 907 5374 aditus,
937 5263 999 5357 et
1017 5262 1286 5406 tempora
1308 5276 1496 5360 noras.

198 5493 246 5632 Ι,
274 5492 447 5647 soror,
474 5524 650 5658 atque
673 5491 900 5645 hostem
920 5487 1170 5662 sirpplex
1191 5488 1389 5618 adfare
1411 5489 1753 5663 superbum:

195 5747 342 5872 Non
366 5793 476 5917 ego
501 5795 638 5873 cum
662 5747 886 5873 Danais
908 5747 1227 5921 ijanam
1243 5747 1581 5876 'exscindere
1604 5779 1841 5920 gentem
1900 5794 1903 5799 ’

193 6001 419 6130 Aulide
433 6004 641 6178 juravi,
671 6004 971 6131 classemve
996 6002 1075 6130 ad
1099 6010 1382 6175 Pergama
1401 6005 1552 6131 misr:

195 6262 328 6387 Nec
350 6262 526 6433 patn's
552 6261 846 6388 Anchisae
867 6263 1122 6388 cinerem
1144 6264 1405 6389 manisve
1423 6264 1640 6390 revelli.

196 6520 322 6642 Cur
344 6565 477 6646 mea
500 6517 655 6646 dicta
675 6551 851 6692 negat
873 6518 1045 6647 duras
1070 6518 1377 6648 demittere
1395 6522 1462 6646 in
1479 6521 1668 6647 auris?

195 6774 342 6944 Qro
364 6777 511 6906 ruit?
536 6811 876 6941 'extremum
900 6774 1018 6904 hoc
1040 6760 1276 6941 miserae
1298 6779 1402 6943 det
1424 6823 1638 6944 munus
1663 6776 1908 6962 amanti:

1034 7063 1058 7164 3
1092 7039 1132 7120 X
