5074 8524
454 882 1087 1028 A-uuuruos
1153 902 1362 1028 urs.
1430 885 1766 1032 1.··v.81,·
1887 946 2008 1075 ¹49

281 1177 445 1317 Haec
467 1189 571 1319 ubi
593 1190 765 1336 dicta,
794 1237 1001 1318 cavum
1024 1191 1291 1317 conversa
1314 1191 1546 1363 cuspide
1569 1223 1836 1322 montem

146 1517 150 1524 ·
195 1439 415 1621 Inpulit
435 1445 499 1570 in
520 1444 697 1576 latus:
738 1494 806 1574 ac
827 1447 1005 1592 venti,
1032 1446 1192 1575 velut
1215 1447 1444 1617 agmine
1468 1444 1643 1597 fact0,

193 1708 334 1877 Qa
355 1700 492 1831 data
512 1736 698 1876 porta,
726 1736 922 1848 ruunt,
950 1736 1009 1831 et
1030 1736 1206 1832 terras
1228 1703 1459 1832 turbine
1481 1704 1748 1878 perflant,
1899 1860 1927 1898 ὁ,

190 1956 525 2087 Incubuere
539 1961 701 2104 mari,
728 1992 1039 2131 totumque
1063 2009 1097 2087 a
1118 1959 1345 2141 sedibus
1359 1961 1496 2153 imis

191 2221 327 2341 Una
350 2218 655 2386 Eurusque
679 2218 992 2387 Notusque
1014 2249 1209 2360 ruunt,
1239 2216 1553 2390 creberque
1574 2204 1839 2389 procellis

186 2468 446 2616 Africus,
467 2505 533 2600 et
555 2473 741 2600 vastos
763 2430 1010 2602 uoluunt
1030 2470 1106 2600 ad
1127 2470 1296 2600 litora
1316 2471 1546 2602 fluctus.

187 2728 511 2899 Insequitur
531 2728 865 2900 clamorque
888 2727 1082 2857 virdm
1103 2726 1424 2898 stridorque
1444 2727 1789 2861 rudentum..

186 2985 456 3156 Eripiunt
476 2984 873 3114 subitonubes
896 2985 1244 3154 coelumque
1270 2984 1544 3156 diemque

15 3414 21 3423 '
185 3244 556 3367 Teucrorum
579 3292 656 3372 ex
677 3242 886 3372 oculis:
918 3272 1107 3415 ponto
1127 3285 1252 3368 nox
1273 3241 1516 3370 incubat
1537 3277 1674 3371 atra.

183 3501 502 3625 Intonuere
523 3497 661 3669 poli,
690 3531 749 3625 et
771 3494 980 3625 crebris
1005 3497 1180 3639 micat
1202 3498 1431 3668 ignibus
1454 3498 1684 3641 aethera

183 3755 821 3924 Praesentemqueviris
842 3757 1135 3927 intentant
1156 3755 1354 3880 omnia
1376 3787 1644 3884 mortem.
1694 3887 1697 3892 ,

179 4008 500 4181 Extemplo
523 4017 767 4138 Aeneae
789 4009 1088 4137 solvuntur
1109 4006 1318 4180 liigore
1341 4012 1621 4141 membra.
1720 4033 1725 4043 ’
1757 4182 1762 4193 ¹

181 4265 454 4437 Ingemit,
484 4297 559 4412 et,
587 4263 1104 4440 duplicistendcus
1128 4263 1206 4393 ad
1225 4262 1409 4393 fidera
1431 4267 1672 4452 palmas,-
1828 4396 1856 4403 ,,

183 4520 354 4649 Talia
375 4567 522 4649 voce
543 4522 746 4651 refert:
785 4530 845 4652 Ο
869 4554 1073 4692 terque
1097 4554 1417 4695 quaterque
1439 4521 1621 4653 beati!

181 4781 337 4950 Quls
360 4811 494 4906 ante
517 4824 619 4906 ora
640 4812 875 4954 patrum
897 4779 1112 4953 Trojae
1134 4776 1237 4907 sub
1261 4780 1568 4917 moenibus
1595 4778 1722 4913 altis

183 5036 452 5204 Contigit
473 5037 777 5208 oppetere!
808 5080 846 5160 o
873 5035 1155 5165 Danadm
1177 5029 1472 5211 fortiflime
1493 5040 1680 5206 gentis

179 5288 441 5463 Tydide,
461 5338 642 5420 mene
665 5289 848 5419 Iliacis
871 5288 1220 5419 occumbere
1243 5291 1463 5466 campis

182 5555 330 5676 Non
350 5544 614 5720 potuiffe,
641 5584 860 5717 tuaque
882 5548 1137 5675 animam
1158 5546 1312 5675 hanc
1334 5500 1631 5678 effundere
1654 5549 1890 5681 dextra?

179 5810 398 5932 Saevus
420 5805 523 5932 ubi
545 5804 845 5932 Aeacidae
868 5803 986 5932 telo
1001 5804 1159 5979 jacet
1181 5809 1422 5952 Hector,
1449 5804 1554 5935 ubi
1574 5807 1778 5978 ingens

178 6059 513 6234 Sarpedon:
528 6061 649 6188 ubi
672 6094 765 6190 tot
788 6065 1001 6190 Simois
1026 6078 1303 6235 conrepta
1322 6061 1427 6191 sub
1449 6062 1625 6192 undis

178 6322 359 6446 Scuta
380 6317 573 6444 virdm
595 6317 905 6490 galeasque
927 6350 988 6447 et
1011 6314 1180 6445 fortia
1203 6363 1447 6490 corpora
1467 6319 1665 6452 volvit.

144 6489 150 6501 ·
175 6574 349 6702 Talia
365 6575 612 6750 jactanti
633 6576 872 6705 stridens
897 6574 1168 6747 aquilone
1188 6574 1441 6749 procella
1603 6708 1607 6713 ,
1636 6705 1641 6713 .

173 6830 395 6963 Velum
420 6831 649 6964 adversa
672 6832 824 6982 ferit,
852 6832 1183 7006 fluctusque
1206 6831 1283 6962 ad
1303 6832 1486 6962 lidera
1508 6830 1677 6971 tollit,
1836 7024 1841 7033 p

1029 7119 1052 7181 2
1088 7094 1119 7175 r
