5202 8512
476 837 645 960 E'C
710 838 763 958 L
830 836 888 960 Ο
952 835 1014 959 G
1078 841 1144 959 A
1240 836 1405 964 VIII.
1472 838 1704 1008 'v.41.'
1898 882 2005 1021 t35

178 1126 267 1254 Ut
289 1124 426 1270 vidi,
454 1156 525 1250 ut
544 1123 707 1296 perii,
734 1157 806 1250 ut
825 1171 921 1251 me
946 1125 1131 1253 malus
1155 1125 1386 1256 abstulit
1408 1134 1589 1257 error!

178 1387 382 1557 Incipe
406 1383 735 1511 Maenalios
755 1428 1009 1528 mecum,
1037 1428 1169 1511 mea
1190 1384 1349 1531 tibia,
1376 1391 1582 1518 versus.

180 1645 361 1770 Nunc
383 1641 515 1788 sci0,
546 1639 692 1812 quid
713 1644 784 1767 stt
805 1648 1018 1767 Amor.
1065 1640 1223 1770 duris
1245 1644 1306 1770 in
1330 1645 1557 1774 cotibus
1580 1647 1746 1775 illum

179 1908 315 2028 Aut
336 1907 605 2044 Tmaros,
635 1934 737 2024 aut
759 1899 1082 2072 Rhodope,
1110 1933 1215 2027 aut
1236 1906 1482 2031 extremi
1506 1908 1913 2060 Garamantes,

181 2163 312 2284 Nec
335 2158 557 2329 generis
572 2158 756 2341 'nostri
779 2201 1031 2328 puerum
1058 2200 1167 2283 nec
1189 2161 1477 2330 sanguinis
1499 2162 1701 2294 edunt.

181 2418 382 2587 Incipe
407 2414 735 2542 Maenalios
754 2458 1008 2559 mecum,
1037 2354 1166 2540 mea
1190 2415 1347 2561 tibia,
1375 2421 1582 2547 versus.
1824 2412 1831 2421 ⁶

184 2680 399 2802 Saevus
425 2681 621 2798 Amor
644 2670 847 2799 docuit
867 2704 1179 2843 gnatorum
1203 2676 1474 2845 sanguine
1499 2713 1745 2808 matrem

184 2928 633 3058 Commaculare
657 2898 885 3055 manus.
927 2929 1175 3057 crudelis
1199 2965 1266 3056 tu
1290 2974 1544 3103 quoque,
1573 2971 1786 3091 maten

186 3186 454 3317 Crudelis
476 3219 664 3313 mater
683 3189 884 3358 magis,
912 3231 989 3312 an
1011 3234 1160 3360 puer
1180 3189 1464 3360 inprobus
1487 3192 1618 3318 ille?

185 3443 477 3617 Inprobus
499 3443 594 3569 ille
616 3488 792 3616 puer:
832 3440 1078 3571 crudelis
1099 3480 1168 3571 tu
1192 3489 1449 3618 quoque,
1480 3482 1681 3581 mater.

184 3702 386 3873 Incipe
410 3703 739 3829 Maenalios
759 3744 1011 3849 mecum,
1039 3745 1171 3829 mea
1192 3698 1352 3875 tibia,
1380 3710 1587 3836 versus

186 3963 366 4084 Nunc
391 3993 451 4086 et
472 3962 598 4086 ovis
622 3960 776 4085 ultro
802 3957 989 4129 fugiat
1006 3959 1211 4131 lupus:
1251 4002 1424 4089 autea
1445 3963 1627 4091 durae

184 4212 349 4342 Mala
367 4210 557 4342 ferant
581 4258 856 4385 quercus:
887 4213 1128 4341 nurciIIo
1148 4214 1360 4344 floreat
1377 4218 1571 4349 alnus:

185 4406 431 4643 Pinguia
454 4470 766 4598 corticibus
786 4466 998 4598 sudent
1018 4472 1231 4601 electra
1252 4476 1533 4648 myricae:

188 4684 437 4859 Certent
456 4762 518 4856 et
539 4731 736 4901 cycnis
759 4728 983 4856 ululaet
1019 4726 1089 4856 fit
1112 4731 1368 4904 Tityrus,
1381 4732 1688 4907 Orpheus:

188 4987 469 5160 Orpheus
489 4987 552 5111 in
572 4979 758 5157 sylvis
787 4987 939 5112 Inter
960 4985 1294 5156 Delphinas
1312 4991 1523 5117 Arion.

188 5243 390 5416 incipe
412 5240 736 5369 Maenalios
759 5284 1012 5386 mecum,
1041 5286 1174 5369 mea
1194 5243 1353 5388 tibia,
1379 5248 1586 5373 versus.

192 5501 412 5631 Omnia
432 5497 526 5627 vel
548 5497 812 5626 medium
833 5495 1185 5628 hummare:
1226 5502 1403 5629 vivite
1423 5504 1610 5635 silvae.

191 5764 477 5927 Praeceps
505 5757 642 5882 aerii
658 5758 888 5929 specula
911 5756 987 5884 de
1011 5760 1226 5885 montis
1249 5761 1312 5885 in
1334 5760 1522 5889 undas

192 6011 453 6142 Deferat.
498 6049 828 6142 exuemum
850 6015 967 6140 hoc
991 6060 1207 6143 munus
1231 6020 1528 6148 morientis
1549 6021 1788 6150 habeto.

192 6270 424 6415 Define,
451 6272 777 6399 Maenalios
791 6275 918 6447 jam
939 6275 1151 6420 desine,
1178 6274 1346 6422 tibia,
1362 6276 1571 6405 versus
1822 6380 1825 6385 »

192 6537 356 6657 Haec
383 6535 654 6655 Damon:
693 6579 816 6675 vos,
844 6574 997 6700 quae
1014 6530 1377 6704 responderit
1399 6532 1851 6708 Alphesiboeus,
1876 6506 1880 6511 .

194 6788 404 6932 Dicite,
435 6787 706 6918 Pierides
749 6830 874 6917 non
895 6793 1096 6920 omnia
1115 6788 1422 6967 poffumus
1441 6832 1664 6923 omnes.
