5106 8526
153 1042 157 1057 ,
426 930 1268 1058 AENEIDOSLIB.
1327 930 1432 1057 111.
1499 931 1735 1104 v.637.
1870 978 1996 1108 243

176 1219 442 1394 Argolici
466 1219 637 1391 clipei
658 1252 759 1346 aut
784 1217 1092 1347 Phoebeae
1115 1218 1403 1393 lampadis
1426 1220 1624 1349 instar:

174 1484 251 1606 Et
272 1479 513 1607 tandem
538 1476 671 1604 laeti
694 1476 976 1603 sociorum
999 1477 1321 1604 ulciscimur
1342 1478 1597 1607 umbras.

172 1735 290 1864 Sed
311 1734 510 1906 sugite,
539 1780 578 1859 o
600 1733 802 1901 miseri,
830 1731 1029 1908 sugite,
1058 1768 1235 1905 atque
1258 1733 1333 1862 ab
1357 1736 1523 1863 litore
1546 1733 1751 1864 funem

170 1995 475 2164 Rumpite.

170 2254 330 2379 Nam
356 2249 537 2422 qualis
561 2280 930 2420 quantusque
954 2297 1098 2378 cavo
1123 2250 1526 2424 Polyphemus
1548 2254 1610 2377 in
1634 2285 1803 2380 antro

166 2508 480 2678 Lanigeras
504 2504 721 2634 claudit
742 2505 1017 2679 pecudes,
1047 2542 1222 2678 atque
1245 2508 1425 2636 ubera
1448 2506 1677 2684 pressat,
1839 2510 1844 2519 ’

168 2772 431 2895 Centum
455 2764 548 2891 alii
571 2810 744 2890 curva
761 2764 912 2891 baec
937 2764 1204 2892 habitant
1227 2766 1304 2893 ad
1325 2765 1494 2894 litora
1516 2766 1691 2939 volgo

167 3021 402 3150 Insandi
427 3020 740 3193 Cyclopes,
770 3054 830 3149 et
852 3020 978 3148 altis
1002 3022 1304 3150 montibus
1330 3059 1536 3151 errant.

166 3281 369 3408 Tertia
391 3279 515 3453 jam
538 3277 711 3406 lunae
731 3282 786 3405 se
811 3324 1030 3408 cornua
1050 3278 1272 3405 lumine
1297 3278 1616 3453 complent3

165 3542 377 3708 Qrum
399 3533 582 3662 vitam
603 3536 666 3660 in
691 3534 859 3678 filvis,
888 3533 1038 3660 inter
1061 3533 1278 3661 deserta
1301 3532 1553 3662 ferarum
1782 3548 1786 3553 ’

165 3795 374 3919 Lustra
399 3789 726 3960 domosque
747 3789 933 3934 trah0,
961 3793 1265 3960 vastosque
1290 3790 1365 3918 ab
1388 3840 1534 3964 rupe
1560 3787 1858 3964 Cyclopas
1984 3800 1989 3809 ’

167 4048 478 4222 Prospici0,
505 4048 877 4216 sonitumque
900 4045 1122 4220 pedum
1146 4093 1472 4218 vocemque
1495 4048 1776 4176 tremisco.
1998 4150 2003 4157 .

163 4309 409 4434 Victum
434 4303 739 4448 infelicem,
767 4302 973 4430 baccas
997 4303 1371 4478 lapidosaque
1396 4352 1590 4452 corna,
1626 4312 1633 4323 ’

166 4568 335 4693 Dant
355 4564 517 4706 rami,
542 4594 606 4713 ‚et
626 4558 792 4688 volsis
816 4562 1060 4734 pascunt
1082 4560 1370 4689 radicibus
1395 4561 1627 4689 herbae.

164 4824 389 4952 Omnia
410 4818 780 4962 conlustrans,
809 4819 963 4946 hanc
988 4818 1245 4990 primum
1269 4817 1346 4947 ad
1368 4819 1535 4947 litora
1561 4813 1792 4946 classem

169 5078 466 5251 Conspexi
487 5075 836 5223 venientem.
881 5077 1040 5200 Huic
1062 5121 1176 5217 me,
1206 5120 1612 5245 quaecumque
1633 5070 1840 5218 fuisset,

168 5334 429 5464 Addixi:
468 5333 596 5462 satis
618 5334 701 5461 est
720 5364 958 5506 gentem
981 5327 1232 5504 effugisse
1255 5330 1588 5459 nefandam.

167 5568 293 5723 Vos
317 5593 572 5720 animam
595 5589 748 5717 hanc
772 5591 969 5762 potius
992 5635 1371 5760 quocumque
1395 5589 1675 5716 absumite
1698 5590 1836 5717 leto,

256 5850 380 5975 Vix
404 5897 473 5975 ea
497 5844 648 5979 fatus
673 5882 823 5975 erat:
855 5848 1089 5975 'summo
1112 5860 1299 6018 quum
1323 5881 1528 5975 monte
1548 5845 1817 5974 videmus

171 6108 368 6282 Ipsum
392 6107 542 6235 inter
563 6102 821 6278 pecudes
842 6106 998 6231 vasta
1019 6107 1075 6232 se
1098 6107 1253 6233 mole
1277 6138 1615 6232 moventem
1819 6106 1826 6125 '

172 6366 471 6490 Pastorem
499 6360 953 6533 Polyphemum,
984 6392 1043 6489 et
1066 6362 1234 6490 litora
1257 6397 1398 6490 nota
1421 6396 1750 6535 petentem:
1916 6374 1920 6382 ’

172 6622 506 6747 Monstrum
526 6616 904 6763 horrendum,
917 6617 1182 6779 informe,
1194 6621 1414 6795 ingens,
1430 6619 1525 6746 cui
1542 6620 1746 6748 lumen
1758 6616 2079 6749 ademtu'm.

174 6877 416 7007 Trunca
438 6924 681 7007 manum
705 6878 879 7055 pinus
903 6878 1067 7051 regit,
1092 6912 1156 7051 et
1176 6878 1408 7049 vestigia
1429 6875 1637 7007 firmat.
1803 7040 1807 7045 Ι
1992 6933 1995 6939 ·
