5106 8526
436 936 1295 1070 sumusnostra.
1353 935 1735 1107 11.v.637„
1867 975 1993 1103 207

2 1367 9 1406 p
172 1226 461 1397 Abnegat
478 1227 664 1357 excib
685 1227 866 1355 vitam
887 1221 1216 1397 producere
1236 1226 1439 1401 Troja,

170 1484 568 1655 Exsiliumque
590 1484 732 1655 pati
772 1487 900 1613 Vos
925 1528 981 1626 o,
1010 1450 1224 1652 quibus
1244 1485 1617 1655 integeraevi

171 1743 433 1913 Sanguis,
461 1742 557 1885 ait
583 1738 912 1911 solidaeque
933 1744 1035 1869 suo
1059 1742 1212 1869 stant
1230 1738 1443 1871 robore
1463 1739 1629 1882 vires,

85 2004 90 2015 ’
164 2004 296 2126 Vos
319 1999 531 2170 agitate
554 1996 775 2169 fugam.

166 2261 276 2382 Me
298 2259 341 2381 fi
363 2253 670 2387 coelicolae
692 2250 999 2383 voluissent
1021 2251 1237 2383 ducere
1252 2254 1450 2399 vitam,

163 2517 291 2639 Has
314 2512 459 2641 mihi
480 2508 781 2639 servassent
802 2507 980 2641 sedes.
1025 2512 1170 2683 Satis
1193 2557 1313 2641 una
1334 2515 1622 2684 superque

161 2767 439 2901 Vidimus
462 2768 702 2914 excidia
731 2801 793 2898 et
813 2801 1018 2939 captae
1040 2771 1432 2941 superavimus
1453 2767 1602 2898 urbi

162 3031 260 3158 Sic
284 3075 340 3173 o,
367 3031 443 3157 stc
464 3028 718 3200 pofitum
742 3023 922 3157 adfati
945 3026 1217 3157 discedite
1239 3074 1469 3198 corpus.

156 3290 290 3457 Ipse
313 3330 498 3411 manu
517 3317 772 3411 mortem
791 3284 1101 3411 inveniam.
1147 3282 1514 3412 Miserebitur
1535 3281 1732 3426 hostis,

160 3544 534 3710 Exuviasque
556 3572 739 3712 petet.
781 3537 985 3669 Facilis
1002 3539 1229 3714 jactura
1249 3539 1508 3713 sepulcri.

160 3807 303 3970 Jam
324 3795 560 3971 pridem
577 3795 788 3925 invisus
811 3795 975 3941 divis,
1005 3829 1065 3924 et
1086 3795 1304 3927 inutilis
1327 3844 1514 3925 annos
1776 3854 1780 3865 ·

163 4064 488 4186 Demoror:
520 4100 598 4182 ex
618 4097 741 4223 quo
763 4100 862 4182 me
885 4053 1106 4183 Divom
1128 4087 1295 4226 pater
1317 4088 1495 4226 atque
1516 4053 1831 4185 hominum
1851 4100 1957 4183 rex

160 4311 448 4441 Fulminis
472 4309 711 4441 adflavit
731 4312 939 4455 ventis,
966 4342 1028 4441 et
1048 4311 1292 4483 contigit
1312 4312 1448 4482 igni.

159 4568 334 4698 Talia
356 4568 647 4742 perstabat
667 4612 1014 4713 memorans,
1040 4568 1315 4739 fixusque
1338 4568 1635 4700 manebat.
1834 4604 1836 4611 ’

159 4834 294 4957 Nos
318 4859 521 4954 contra
543 4823 704 4953 effufi
722 4823 988 4970 lacrimis,
1017 4826 1354 5000 conjuxque
1381 4830 1619 4972 Creiisa,
1749 4880 1752 4887 ·

160 5085 587 5252 Ascaniusque,
613 5081 924 5251 omnisque
948 5080 1180 5228 domus,
1204 5131 1284 5210 ne
1303 5117 1525 5211 vertere
1547 5085 1751 5211 secum

163 5351 400 5474 Cuncta
421 5375 604 5514 pater,
633 5337 874 5509 fatoque
896 5343 1172 5513 urguenti
1187 5341 1527 5469 incumbere
1547 5338 1739 5471 vellet.

163 5599 466 5772 Abnegat,
492 5602 849 5773 inceptoque
872 5629 934 5727 et
953 5597 1181 5729 sedibus
1205 5599 1408 5727 haeret
1427 5600 1489 5726 in
1511 5600 1708 5727 lsdem.

161 5860 387 5985 Rursus
406 5860 475 5983 in
493 5904 653 5989 arma
675 5856 844 6003 feror,
873 5890 1240 6028 mortemque
1261 5859 1605 5986 miserrimus
1629 5888 1795 6031 opto.

161 6122 327 6245 Nam
351 6115 514 6285 quod
536 6117 851 6261 confilium,
880 6152 984 6244 aut
1006 6162 1155 6285 quae
1172 6116 1296 6291 jam
1320 6113 1556 6243 fortuna
1578 6115 1858 6250 dabatur?

162 6379 350 6503 Mene
373 6368 574 6501 efferre
593 6373 829 6548 pedem,
856 6376 1101 6546 genitor,
1128 6406 1188 6501 te
1212 6371 1373 6545 polle
1395 6374 1597 6503 relicto

169 6632 453 6802 Sperasti?
488 6666 838 6802 tantumque
860 6631 1022 6760 nefas
1047 6633 1237 6805 patrio
1261 6632 1479 6767 excidit
1501 6634 1633 6761 ore?

167 6887 232 7013 Si
254 6888 397 7014 nihil
421 6940 495 7017 ex
518 6923 681 7018 tanta
707 6892 940 7064 Superis
963 6890 1156 7065 placet
1179 6891 1325 7021 urbe
1347 6893 1594 7062 relinqui
1607 6963 1621 7041 ;
