5074 8524
427 930 488 1052 G
533 928 585 1051 E
631 925 689 1051 O
733 926 795 1051 R
839 924 917 1052 G.
1005 928 1240 1052 LIB.
1315 927 1390 1051 ΙΙ,
1474 918 1706 1097 v.'292.
1891 934 1973 1101 83

156 1215 493 1360 Aetherias,
525 1249 755 1344 tantum
776 1214 967 1344 radice
986 1214 1048 1342 in
1071 1217 1315 1411 ssartara
1338 1215 1543 1345 tendit.

152 1480 315 1646 Ergo
338 1521 461 1600 non
483 1473 704 1605 hiemes
727 1470 901 1615 illam,
931 1519 1054 1598 non
1074 1469 1272 1616 flabra,
1300 1512 1494 1641 neque
1517 1471 1729 1603 imbres

154 1729 546 1858 Convellunt:
580 1730 804 1856 inmota
827 1763 1042 1873 manet,
1071 1727 1406 1898 multosque
1430 1763 1691 1902 nepotes,

149 1985 353 2113 Multa
374 1986 568 2113 virum
590 1985 830 2112 volvens
855 1983 1122 2113 durando
1144 1985 1330 2112 secula
1353 1988 1549 2115 vincit.

147 2245 321 2369 Turn
344 2239 506 2368 fortis
528 2242 642 2369 late
666 2288 857 2369 ramos
882 2276 941 2368 et
963 2240 1199 2369 brachia
1221 2241 1467 2370 tendens
1657 2290 1660 2299 ’

145 2503 293 2626 Huc
316 2496 468 2642 illuc,
498 2496 690 2625 media
711 2497 828 2670 ipsa
849 2497 1146 2667 ingentem
1168 2500 1399 2626 sustinet
1419 2499 1703 2628 umbram.

143 2757 324 2881 Neve
346 2750 452 2879 tibi
476 2751 553 2880 ad
573 2752 752 2879 solem
774 2788 1014 2923 vergant
1034 2757 1229 2882 vineta
1253 2754 1587 2884 cadentem:

147 3015 325 3136 Neve
345 3010 495 3134 inter
515 3010 659 3135 vites
683 3007 950 3135 corulum
971 3013 1112 3136 sere:
1155 3057 1302 3137 neve
1325 3009 1549 3182 flagella

145 3271 396 3392 Summa
418 3300 572 3436 pete,
601 3299 703 3392 aut
722 3266 943 3391 summa
967 3266 1248 3437 destringe
1272 3315 1346 3395 ex
1370 3266 1572 3396 arbore
1593 3268 1849 3443 plantas:

142 3524 405 3685 (Tantus
429 3565 593 3648 amor
612 3530 814 3686 terrae)
844 3568 962 3649 neu
986 3520 1137 3649 ferro
1158 3521 1322 3650 laede
1344 3527 1533 3665 retuso

151 3777 415 3903 Semina:
449 3824 596 3905 neve
618 3777 780 3906 oleae
801 3778 1056 3905 srlvestris
1078 3780 1255 3907 insere
1277 3812 1528 3910 truncos.

148 4034 314 4158 Nam
336 4034 500 4205 saepe
523 4035 766 4162 incautis
789 4032 1109 4207 pastoribus
1133 4034 1348 4164 excidit
1369 4037 1531 4208 ignis,

148 4289 298 4459 Qu,
321 4284 533 4426 furtim,
543 4288 748 4461 pingui
767 4292 1023 4462 primum
1046 4291 1149 4417 sub
1173 4293 1383 4418 cortice
1405 4324 1608 4437 tectus,

147 4541 396 4671 Robora
418 4543 803 4716 comprendit,
831 4491 1182 4716 frondesque
1206 4546 1425 4718 elapsus
1447 4549 1509 4674 in
1532 4549 1671 4680 altas

149 4805 457 4971 Ingentem
481 4800 644 4927 coelo
667 4798 917 4928 sonitum
940 4800 1129 4930 dedit:
1161 4801 1300 4930 inde
1320 4805 1541 4934 secutus

150 5063 267 5183 Per
287 5104 480 5183 ramos
498 5057 697 5201 victor,
726 5103 947 5229 perque
970 5056 1084 5183 alta
1105 5057 1405 5227 eacumina
1427 5096 1644 5230 regnat,

151 5318 231 5439 Et
252 5344 446 5441 totum
467 5312 710 5438 involvit
728 5310 975 5439 flammis
998 5359 1222 5456 nemus
1250 5314 1447 5441 etruit
1466 5346 1649 5449 atram

153 5568 262 5697 Ad
284 5566 512 5697 coelum
534 5569 697 5740 picea
721 5565 925 5696 craffus
949 5570 1187 5741 caligine
1209 5568 1457 5697 nubem:

154 5828 491 5952 Praesertim
511 5828 554 5951 s1
576 5828 881 6000 tempestas
905 5875 939 5953 a
961 5829 1172 5955 vertice
1194 5825 1341 5955 sdvis

154 6080 870 6253 Incubuit,·glomeratque
895 6081 1080 6245 ferens
1102 6083 1369 6213 incendia
1390 6120 1612 6215 ventus.
1744 6226 1748 6231 ,
1918 6130 1924 6141 ·

89 6324 95 6335 ’
155 6342 291 6465 Hoc
312 6337 438 6489 ubi;
470 6384 592 6464 non
615 6387 650 6465 a
671 6341 841 6512 stirpe
862 6340 1076 6486 valent,
1095 6345 1405 6510 ¹caesaeque
1428 6349 1644 6472 reverti·

158 6590 414 6739 Poffunt,
442 6629 617 6765 atque
640 6592 757 6724 ima
777 6595 981 6725 similes
1002 6598 1331 6732 revirescere
1354 6637 1527 6732 terra:
1722 6632 1744 6641 ··

160 6846 369 6978 Infelix
393 6854 621 7025 superat
642 6851 790 6983 foliis
814 6854 1053 6983 oleaster
1071 6859 1293 6989 amaris.
