5202 8512
243 1018 252 1036 ·
528 852 1654 985 ECLOGAX.v.ao.

184 1142 415 1271 Uvidus
439 1138 681 1331 hiberna
703 1140 864 1269 venit
886 1137 961 1270 de
983 1139 1194 1310 glande
1219 1143 1535 1276 Menalcas.

191 1410 434 1544 Omnes,
463 1397 627 1529 unde
646 1443 811 1527 amor
830 1398 949 1540 iste.
977 1431 1202 1568 rogant,
1231 1397 1368 1533 tibi?
1412 1402 1572 1535 venit
1594 1403 1848 1577 Apollor

185 1659 375 1803 Galle,
406 1655 550 1826 quid
571 1655 808 1785 insanis?
844 1653 1051 1822 inquit.
1078 1687 1182 1783 tua
1203 1703 1340 1783 cura
1362 1661 1608 1829 Lycoris

185 1921 417 2085 Perque
438 1917 598 2043 nives
622 1911 818 2057 alium,
844 1958 1066 2083 perque
1089 1911 1324 2043 horrida
1345 1917 1524 2047 castra
1544 1920 1735 2051 secuta
1755 1921 1854 2047 cst.

183 2175 367 2301 Venit
390 2206 450 2298 et
472 2170 671 2342 agresti
695 2169 896 2341 capitis
921 2168 1183 2299 Silvanus
1209 2168 1453 2317 honore,

185 2429 472 2557 Florentia
498 2420 707 2555 ferulas
731 2459 791 2555 et
813 2425 1052 2597 grandia
1075 2425 1190 2557 lilia
1213 2427 1492 2596 quallans.

191 2695 318 2815 Pan
342 2687 485 2814 deus
510 2680 800 2815 Arcadiae
821 2684 1011 2811 venit:
1053 2729 1231 2853 quem
1252 2684 1502 2814 vidimus
1525 2688 1630 2860 ipsi

193 2944 529 3113 Sanguineis
552 2939 709 3069 ebuli
730 2938 921 3067 baccis
944 2941 1243 3110 minioque
1265 2943 1590 3073 rubentem.

189 3201 404 3370 Ecquis
429 3200 536 3326 erit
559 3196 800 3325 modus?
830 3197 1037 3366 inquit.
1080 3244 1247 3325 amor
1266 3247 1391 3326 non
1413 3200 1548 3328 talia
1570 3235 1748 3329 curat.

191 3464 323 3584 Nec
345 3454 590 3582 lacrimis
614 3451 860 3582 crudelis
885 3500 1065 3598 amor,
1087 3427 1196 3583 nec
1218 3457 1479 3626 gramina
1499 3458 1650 3602 rivis,

191 3720 323 3840 Nec
347 3716 525 3885 cytiso
547 3716 868 3839 saturantur
887 3758 1042 3882 apes,
1069 3759 1180 3838 nec
1203 3710 1412 3840 fronde
1435 3714 1707 3887 capellae.

192 3972 393 4099 Tristis
416 3970 620 4096 atille:
668 3974 902 4093 Tamen
925 3967 1244 4114 cantabitis,
1274 3970 1558 4116 Arcades,
1585 3973 1793 4141 inquit.

192 4225 502 4354 Montibus
524 4223 670 4350 haec
691 4225 909 4351 vestris:
950 4221 1051 4351 soli
1074 4256 1306 4352 cantare
1328 4228 1498 4398 periti

1919 905 2114 1029 43-

191 4482 474 4611 Arcades.
520 4529 557 4606 o
582 4479 726 4606 mihi
748 4512 877 4607 tum
903 4525 1080 4647 quam
1105 4478 1353 4609 molliter
1373 4479 1492 4609 offa
1514 4484 1822 4653 quiescant,
1983 4594 1985 4611 r

192 4743 394 4867 Vestra
418 4786 579 4866 meos
602 4737 743 4862 olim
766 4740 809 4863 s1
829 4736 1015 4863 fistula
1040 4736 1196 4866 dicat
1219 4740 1469 4866 amores!

194 5003 401 5164 Atque
423 4999 647 5122 utinam
672 5043 746 5120 ex
769 4992 935 5121 vobis
958 5039 1127 5136 unus,
1153 4993 1438 5162 vestrique
1461 4992 1685 5131 fuillem

194 5260 329 5379 Aut
353 5256 540 5379 custos
563 5251 764 5420 gregis,
793 5284 896 5377 aut
917 5282 1176 5377 maturae
1198 5252 1413 5381 vinitor
1433 5253 1607 5379 uvael

121 5680 126 5688 .
197 5514 373 5639 Certe
394 5512 508 5636 five
532 5508 676 5633 mihi
699 5506 938 5679 Phyllis,
966 5508 1080 5632 sure
1102 5503 1240 5632 effer
1263 5515 1581 5680 Amyntas,

198 5775 314 5929 Seu
337 5768 691 5934 quicumque
714 5762 891 5908 furor,
922 5762 1085 5933 (quid
1107 5796 1255 5907 tum,
1282 5761 1535 5895 fifuscus
1561 5768 1890 5941 Amyntas?

197 6026 274 6148 Et
297 6025 491 6192 nigrae
512 6016 699 6148 violae
721 6024 868 6165 sunt,
898 6053 958 6146 et
978 6021 1235 6147 vaccinia
1257 6021 1438 6191 nigra)

111 6438 114 6449 Ι
194 6285 437 6406 Mecum
460 6280 610 6404 inter
631 6279 819 6406 salices
843 6279 1000 6406 lenta
1021 6276 1125 6409 sub
1146 6279 1263 6404 vite
1279 6279 1512 6453 jaceret.

197 6543 358 6663 Serta
382 6535 526 6660 mihi
549 6534 771 6707 Phyllis
793 6534 1025 6705 legeret,
1054 6569 1312 6663 cantaret
1333 6544 1649 6709 Amyntas.

197 6796 314 6918 ch
335 6792 510 6962 gelidi
534 6790 754 6923 fontes:
794 6796 893 6921 hlc
916 6792 1314 6964 molliaprata,
1340 6795 1587 6966 Lycori:
1772 6978 1782 6990 .
