5106 8526
460 888 1301 1020 nnunroosnm.
1357 896 1463 1021 m.
1529 936 1583 1021 v.
1625 934 1765 1064 131.
1901 944 2033 1040 221·

214 1188 292 1316 Et
315 1180 554 1310 tandem
580 1181 828 1349 antiquis
855 1183 1139 1306 Curetum
1164 1181 1488 1311 adlabimur
1510 1187 1667 1319 oris..

212 1451 367 1615 Ergo
392 1438 593 1566 avidus
618 1482 814 1563 muros
839 1470 1073 1609 optatae
1097 1440 1306 1565 molior
1325 1442 1501 1585 urbis,

209 1704 706 1867 Pergameamque
729 1742 898 1839 voc0,
926 1728 986 1821 et
1007 1694 1220 1823 laetam
1243 1701 1594 1867 cognomine
1615 1731 1854 1870 gentem

207 1961 433 2083 Hortor
455 1951 852 2111 amare-locos,
881 1996 1190 2120 arcemque
1214 1952 1492 2081 adtollere
1517 1958 1698 2084 tectis.

205 2217 462 2381 Jamque
487 2206 604 2336 fere
627 2211 775 2335 sicco
796 2205 1114 2335 subductae
1137 2208 1303 2338 litore
1327 2160 1575 2385 puppes,-

207 2467 539 2596 Connubiis
565 2465 828 2635 arvisque
851 2466 1017 2591 novis
1042 2500 1281 2637 operata
1295 2470 1599 2642 juventus;
1676 2478 1678 2483 ’

204 2732 350 2894 Jura
374 2724 699 2891 domosque
723 2718 965 2847 dabam:
1007 2722 1196 2848 subito
1222 2771 1407 2893 quum
1430 2725 1630 2853 tabida
1652 2724 1947 2874 membris,

203 2988 501 3155 Corrupto
526 2979 673 3105 coeli
695 3011 902 3119 tractu,
931 2978 1366 3149 miserandaque
1389 2982 1551 3111 venit

27 3332 33 3345 ι
200 3236 650 3407 Arboribusque
673 3239 918 3404 satisque
941 3234 1081 3379 lues,
1111 3272 1170 3364 et
1191 3236 1425 3365 lethifer
1445 3285 1649 3370 annus.

197 3491 581 3665 Linquebant
604 3489 788 3617 dulcis
813 3492 1050 3636 animas,
1080 3525 1183 3620 aut
1205 3543 1373 3665 aegra
1396 3495 1707 3623 trahebant

194 3757 508 3922 Corpora..
532 3750 695 3872 Tum
721 3745 918 3873 sterilis
943 3795 1184 3875 exurere
1210 3753 1385 3880 Sirius
1411 3799 1593 3923 agros.

200 3987 476 4134 Arebant
497 4002 730 4148 herbae,
762 4037 822 4130 et
841 4004 1067 4131 vietum
1089 4009 1244 4177 seges
1269 4055 1437 4179 aegra
1460 4008 1727 4178 negabat.

107 4429 112 4436 ¹
197 4262 419 4390 Rursus
444 4257 521 4387 ad
535 4204 845 4386 *oraculum
869 4261 1153 4431 Ortygiae
1178 4261 1609 4432 Phoebumque
1633 4267 1894 4391 remenso

196 4522 496 4649 Hortatur
508 4548 675 4692 pater
697 4516 779 4642 ire
803 4516 966 4658 mari,
993 4515 1344 4687 veniamque
1367 4521 1619 4693 precari:

197 4781 403 4946 Qram
426 4767 570 4901 felhs
592 4773 773 4900 finem
796 4771 968 4899 rebus
992 4771 1165 4901 ferat:
1206 4775 1366 4903 unde
1388 4777 1657 4905 laborum

196 5034 457 5159 Tentare
471 5028 766 5156 :auxilium
778 5026 1013 5202 jubeat:
1054 5076 1175 5199 quo
1198 5065 1420 5158 vertere
1444 5036 1654 5161 cursus.

278 5293 593 5429 :Noxerat
622 5318 682 5411 et
704 5284 864 5412 terris
889 5284 1160 5413 animalia
1180 5288 1416 5415 somnus
1442 5288 1714 5417 habebat
1914 5418 1929 5439 ,

18 5672 25 5683 ,
72 5608 77 5617 ·
198 5540 428 5717 Effigies
451 5548 636 5671 sacrae
662 5542 904 5688 Divom,
933 5543 1293 5715 Phrygiique
1318 5550 1584 5689 Penates,

200 5807 372 5971 Qros
397 5845 631 5928 mecum
657 5846 691 5926 a
715 5799 914 5973 Troja,
942 5798 1264 5971 mediisque
1289 5852 1363 5931 ex
1386 5803 1619 5975 ignibus
1642 5803 1801 5934 urbis

197 6056 557 6200 Extuleram
585 6057 686 6182 visr
710 6086 845 6181 ante
869 6056 1070 6184 oculos
1095 6057 1314 6185 adstare
1328 6062 1574 6235 jacentis

201 6318 272 6440 In
293 6272 529 6458 somnis,
554 6312 745 6439 multo
772 6312 1056 6440 manifesti
1078 6313 1318 6459 lumine,
1346 6321 1540 6484 quase

204 6571 386 6699 Plena
407 6572 513 6743 per
535 6572 766 6697 insertas
791 6565 1081 6699 fundebat
1102 6572 1244 6700 luna
1266 6570 1554 6723 fenestras.

203 6828 367 6954 Tum
389 6830 465 6956 fic
490 6824 689 6972 adfari,
719 6859 780 7004 et
805 6874 967 7005 curas
991 6829 1083 6957 his
1108 6827 1341 7013 demere
1366 6829 1561 6961 dictis:
1714 6984 1720 6991 ¹

1039 7112 1063 7214 3
1098 7088 1138 7171 tt
