5106 8526
262 968 265 975 .
467 898 1743 1067 Auuuro08t13.11.v.131,
1893 829 2012 1071 185
2226 842 2231 855 ’

202 1195 391 1323 Unius
413 1194 476 1318 in
499 1194 682 1319 miseri
705 1189 946 1318 exitium
972 1188 1236 1314 conversa
1261 1187 1457 1316 tulere.

22 1430 24 1443 ’
201 1461 455 1621 Jamque
482 1448 604 1576 dies
627 1445 866 1573 infanda
890 1442 1116 1572 aderat:
1158 1443 1302 1573 mihi
1322 1447 1476 1573 sacra
1499 1447 1703 1621 parari,

202 1714 279 1835 Et
298 1707 462 1834 salsae
485 1702 693 1874 fruges,
722 1735 782 1831 et
805 1703 1022 1829 circum
1043 1734 1311 1874 tempora
1331 1701 1524 1830 vittae.

200 1963 404 2135 Eripui
435 1958 657 2124 (fateor)
690 1960 810 2087 leto
834 2006 947 2103 me,
976 1992 1035 2084 et
1056 1955 1286 2086 vincula
1307 1960 1466 2130 rupi:

200 2220 553 2386 Limosoque
575 2215 705 2355 lacu
727 2262 834 2386 per
857 2247 1092 2341 noctem
1115 2214 1384 2341 obscurus
1406 2216 1467 2340 in
1490 2214 1625 2342 ulva

203 2473 445 2618 Delitui,
473 2469 618 2599 dum
640 2470 767 2600 vela
791 2468 1012 2616 darent,
1040 2474 1082 2595 sr
1109 2467 1257 2598 forte
1282 2468 1577 2599 dediffent.

201 2735 335 2857 Nec
359 2729 502 2855 mihi
517 2730 643 2903 jam
666 2729 913 2899 patriam
937 2729 1233 2897 antiquam
1256 2730 1381 2900 spes
1404 2727 1521 2857 ulla
1542 2728 1796 2875 videndi,

202 2990 336 3113 Nec
358 2984 541 3112 dulcis
564 3015 750 3129 natos,
778 3014 1242 3156 exoptatumque
1264 3017 1592 3155 parentem:

202 3247 378 3412 Qos
399 3241 482 3366 illi
503 3237 620 3367 fors
643 3237 721 3366 ad
741 3284 960 3408 poenas
983 3239 1063 3365 ob
1086 3242 1275 3365 nostra
1297 3240 1599 3409 reposcent

201 3493 447 3667 Effugia,
475 3528 535 3623 et
557 3493 789 3666 culpam
811 3493 964 3621 hanc
988 3495 1321 3620 miserorum
1344 3529 1533 3624 morte
1554 3495 1818 3670 piabunt.

200 3750 396 3924 Qod
417 3785 493 3896 te,
519 3798 627 3924 per
646 3752 897 3923 superor,
927 3780 988 3875 et
1010 3748 1232 3877 conscia
1254 3751 1495 3878 numina
1516 3754 1653 3895 veri,

201 4014 336 4151 Per,
362 4009 405 4133 sr
429 4008 662 4176 quaest,
691 4052 839 4174 quae
861 4007 1031 4132 restet
1053 4006 1246 4133 adhuc
1269 4005 1609 4137 mortalibus
1632 4008 1872 4179 usquam
1939 3918 1946 3927 ι

202 4268 558 4391 Intemerata
577 4260 739 4406 fides,
767 4306 890 4404 oro,
918 4261 1177 4389 miserere
1199 4259 1469 4389 laborum

200 4522 563 4647 Tantorum:
605 4518 864 4649 miserere
886 4516 1063 4643 animi
1084 4561 1209 4644 non
1233 4515 1409 4688 digna
1430 4514 1721 4667 ferentis.¹
1813 4622 1815 4627 .

270 4728 403 4900 'His
425 4772 668 4899 lacrimis
688 4772 869 4898 vitam
893 4771 1116 4918 damus,
1146 4807 1206 4902 et
1227 4772 1629 4901 miserescimus
1651 4771 1820 4903 ultro.

201 5030 333 5202 Ipse
355 5029 480 5154 viro
502 5028 724 5199 primus
747 5028 1002 5153 manicas
1026 5061 1201 5197 atque
1223 5059 1343 5154 arta
1365 5026 1541 5155 levari

202 5283 418 5412 Vincla
431 5280 603 5456 jubet
627 5284 913 5432 Priamus;
952 5280 1237 5452 dictisque
1258 5283 1339 5411 ita
1359 5281 1512 5411 fatur
1532 5285 1746 5414 amicis,

206 5540 485 5713 Qrisquis
508 5585 586 5680 es,
603 5481 838 5665 ¹amiffos
858 5539 996 5665 hinc
1010 5542 1137 5714 jam
1158 5537 1486 5669 obliviscere
1510 5542 1746 5714 Grajos;

206 5797 428 5924 Noster
450 5796 581 5921 eris:
623 5793 882 5964 mihique
906 5793 1051 5921 haec
1072 5792 1306 5923 ediffere
1328 5843 1463 5925 vera
1484 5798 1728 5971 roganti.

204 6057 357 6221 Qro
379 6050 597 6176 molem
619 6049 771 6179 hanc
793 6051 1039 6177 inmanis
1063 6052 1197 6222 equi
1218 6055 1493 6181 statuere?
1531 6057 1658 6224 quis
1683 6058 1915 6186 auctor?

205 6305 453 6475 Qridve
475 6308 718 6475 petunt?
755 6354 904 6476 quae
927 6266 1157 6478 religio?
1194 6341 1296 6435 aut
1318 6357 1468 6479 quae
1492 6312 1762 6441 machina
1784 6312 1952 6443 belli?

204 6563 491 6691 Dixerat.'
520 6561 622 6689 Ille
647 6560 793 6693 dolis
816 6565 1122 6692 instructus
1145 6598 1205 6693 et
1226 6598 1346 6693 arte
1371 6565 1616 6741 Pelasga,

207 6817 450 6949 Sustulit
473 6852 678 6952 exutas
700 6818 901 6949 vinclis
925 6820 1003 6949 ad
1022 6819 1202 6951 srdera
1223 6821 1472 6995 palmas:
1703 6950 1708 6957 ,

1045 7102 1070 7207 3
1105 7078 1146 7161 A
