5202 8512
473 906 961 1031 GEORG.
1049 903 1292 1030 LIB.
1364 904 1409 1028 1.
1495 938 1728 1069 v.r77.
1923 944 2009 1074 55

191 1199 273 1324 Ni
294 1194 522 1367 refugis,
550 1193 856 1362 tenuisque
878 1193 1039 1364 piget
1061 1194 1401 1364 cognoscere
1425 1239 1604 1321 curae.
1816 1228 1819 1237 ’

189 1461 352 1583 Area
372 1496 506 1581 cum
530 1451 728 1624 primis
751 1450 972 1621 ingenti
994 1449 1298 1621 aequanda
1322 1450 1603 1624 cylindro,

62 1742 69 1757 ’
188 1717 267 1839 Et
288 1709 567 1840 vertenda
590 1752 786 1851 manu,
814 1740 874 1834 et
895 1742 1051 1836 creta
1072 1706 1368 1837 solidanda
1389 1709 1606 1837 tenaci:

189 1972 288 2096 Ne
311 1968 556 2098 subeant
578 1963 810 2110 herbae,
836 2010 955 2091 neu
974 1932 1383 2137 pulvere‘victa
1405 1965 1621 2095 fatiscat
1633 2039 1650 2118 ;

188 2229 351 2352 Tum
374 2227 561 2354 variae
584 2222 853 2350 inludant
874 2224 1076 2395 pestes.
1123 2230 1307 2395 Saepe
1336 2222 1578 2395 exiguus
1602 2271 1733 2353 mus

190 2481 314 2610 Sub
337 2484 496 2609 terris
518 2482 824 2653 posuitque
848 2480 1058 2609 domos
1082 2510 1257 2648 atque
1279 2478 1669 2631 horreasecit:

187 2745 322 2867 Aut
343 2738 523 2865 oculis
548 2740 703 2910 capti
731 2736 932 2864 fodere
956 2735 1165 2864 cubilia
1187 2735 1408 2908 talpae:

186 2999 583 3163 Inventusque
607 2996 757 3122 cavis
780 2990 945 3139 bufo,
975 3027 1034 3119 et
1058 3041 1208 3162 quae
1231 2992 1480 3165 plurima
1502 3020 1685 3122 terrae

186 3255 449 3379 Monstra
471 3251 695 3379 ferunt:
735 3249 1099 3423 populatque
1123 3252 1420 3421 ingentem
1443 3249 1601 3379 farris
1623 3298 1894 3382 acervum

189 3508 484 3653 Curculi0,
513 3541 687 3677 atque
709 3509 873 3681 inopi
896 3518 1161 3635 metuens
1186 3504 1428 3636 formica
1447 3510 1724 3638 senectae.

188 3764 638 3939 Contemplator
657 3766 817 3909 item,
846 3809 1031 3935 quum
1052 3768 1108 3894 se
1130 3811 1256 3893 nux
1280 3764 1528 3938 plurima
1550 3768 1698 3895 silvis

188 4022 405 4150 Induet
424 4023 486 4146 in
507 4020 731 4165 florem,
760 3999 819 4148 et
839 4068 1031 4149 ramos
1056 4022 1316 4154 curvabit
1337 4022 1576 4152 olentis:

190 4281 251 4407 Si
273 4282 542 4451 superant
564 4275 773 4423 foetus,
800 4277 1019 4450 pariter
1031 4276 1322 4406 frumenta
1342 4281 1668 4450 sequentur,

186 4542 525 4710 Magnaque
548 4579 684 4662 cum
707 4579 924 4704 magno
943 4534 1141 4661 veniet
1161 4535 1365 4662 'tritura
1384 4536 1593 4663 calore.

188 4799 281 4920 At
308 4790 599 4919 filuxurid
623 4790 895 4917 foliorum
918 4789 1200 4919 exuberat
1220 4790 1446 4938 umbra,

188 5006 607 5218 Nequidquam
629 5047 860 5220 pinguis
883 5046 1053 5217 paleal
1071 5078 1219 5173 teret
1242 5094 1373 5175 area
1395 5048 1637 5176 orlmos.

191 5306 425 5435 Semina
445 5301 567 5432 vidi
589 5301 864 5473 equidem
888 5301 1103 5431 multos
1125 5300 1414 5431 medicare
1435 5307 1721 5450 serentes,·
1782 5340 1786 5349 ’

187 5569 266 5690 Et
287 5565 439 5690 nitro
461 5561 637 5733 prius,
665 5592 725 5688 et
747 5561 909 5732 nigra
930 5557 1287 5733 perfundere
1303 5608 1555 5707 amurca,

190 5817 485 5948 Grandior
507 5852 575 5944 ut
595 5815 785 5946 foetus
808 5818 1017 5988 siliquis
1037 5815 1336 5946 'fallacibus
1358 5816 1513 5948 ellet.
1629 5914 1634 5925 ·

191 6080 285 6220 Et,
314 6076 574 6244 quamvis
597 6076 715 6246 igni
739 6077 950 6248 exiguo
972 6109 1282 6248 properata
1302 6074 1621 6225 maderent,
1648 6152 1657 6163 ἢ
1706 6107 1715 6117 ’

190 6331 331 6459 Vidi
352 6330 500 6459 lecta
523 6329 641 6476 diu,
670 6364 730 6459 et
751 6332 939 6463 multo
962 6334 1214 6505 spectata
1235 6332 1450 6480 labore,

195 6596 561 6760 Degenerare
583 6622 805 6718 tamen:
849 6592 910 6716 ni
929 6592 1016 6718 vis
1026 6588 1298 6719 humana
1321 6622 1467 6761 quot
1490 6591 1654 6719 annis

193 6850 480 6977 Maxuma
503 6892 769 7022 quaeque
794 6862 984 6979 manu'
993 6830 1234 7023 legeret:
1272 6852 1348 6979 fic
1370 6850 1569 6979 omnia
1588 6845 1718 6979 fatis
