5074 8524
414 894 1047 1033 AENEIDOS
1113 838 1319 1031 ΜΒ.
1372 905 1452 1029 .Ι..
1498 940 1730 1073 v.·127.
1865 954 1978 1079 151
2077 1076 2133 1089 .‚

162 1182 563 1365 Prospiciens,
579 1195 801 1374 summa
823 1189 1117 1363 placidum
1143 1225 1321 1365 caput
1342 1195 1550 1323 extulit
1570 1195 1747 1325 unda.
1973 1374 1978 1384 Ι

165 1451 496 1625 Disjeetam
520 1457 764 1576 Aeneae
788 1479 917 1575 toto
938 1447 1098 1579 videt
1120 1496 1371 1619 aequore
1395 1449 1649 1580 classem:

168 1704 476 1835 Fluctibus
495 1704 790 1878 oppressos
814 1708 1022 1851 Troas,
1047 1702 1309 1876 coelique
1331 1708 1514 1844 ruina.

70 1944 74 1949 ¹
160 1965 302 2091 Nec
323 1964 540 2091 latuere
564 1961 685 2089 doli
708 1959 942 2089 fratrem
965 1963 1215 2131 Junonis
1239 1998 1299 2091 et
1320 1965 1453 2093 irae.

161 2217 393 2345 Eurum
417 2218 570 2383 adse
594 2219 1045 2391 Zephyrumque
1066 2253 1253 2349 vocat
1289 2180 1536 2410 ¹Dehinc
1555 2222 1690 2351 talia
1711 2219 1894 2350 fatur:
1924 2260 1930 2269 ·

161 2476 442 2603 Tantane
464 2522 569 2603 vos
591 2477 813 2647 generis
836 2477 1026 2603 tenuit
1046 2475 1262 2651 fiducia
1283 2477 1485 2604 vestri?
1565 2642 1568 2651 t

160 2736 307 2898 Jam
331 2731 563 2859 eoelum
585 2765 913 2903 terramque
935 2776 1071 2859 meo
1094 2732 1212 2859 sine
1233 2733 1495 2880 numine,
1521 2734 1699 2915 venti,

161 2987 428 3131 Miscere,
457 3021 517 3114 et
539 3021 728 3117 tantas
752 2988 977 3116 audetis
997 2989 1199 3115 tollere
1224 2989 1438 3116 moles?

163 3246 343 3412 Qus
367 3290 494 3415 ego.
538 3244 656 3372 Sed
678 3279 872 3375 motos
895 3248 1142 3417 praestat
1164 3282 1498 3416 conponere
1519 3244 1751 3374 fluctuo

165 3500 309 3624 Post
331 3499 474 3626 mihi
496 3547 619 3626 non
640 3501 803 3628 simili
823 3546 1017 3677 poena
1040 3499 1332 3629 commissa
1355 3500 1540 3630 luetis.

83 3830 86 3834 =
164 3760 465 3927 Maturate
488 3756 705 3928 sugam,
727 3757 965 3928 regique
987 3758 1132 3885 haec
1155 3754 1330 3889 dicite
1351 3761 1564 3888 vestro:

165 4017 318 4140 Non
340 4013 421 4140 illi
442 3944 754 4185 imperium
776 4014 964 4186 pelagi
984 4016 1333 4184 saevumque
1355 4013 1690 4160 tridentem,

171 4270 292 4399 Sed
315 4269 462 4396 mihi
478 4271 627 4396 sorte
651 4269 874 4397 datum.
918 4275 1116 4439 Tenet
1135 4269 1231 4399 ille
1251 4272 1508 4403 inmania
1530 4226 1681 4415 sexa,

166 4529 420 4672 Vestras,
446 4532 618 4672 Eure,
646 4525 871 4653 domos.
915 4524 1020 4654 Illa
1039 4529 1096 4654 se
1110 4527 1292 4701 jactet
1311 4529 1376 4655 in
1398 4526 1530 4657 aula

170 4782 420 4929 Aeolus,
448 4816 508 4911 et
530 4784 718 4912 dauso
740 4816 1050 4912 ventorum
1072 4828 1295 4913 carcere
1317 4817 1540 4957 regnet.

174 5043 269 5169 Sic
291 5043 386 5184 ait,
412 5072 475 5165 et
496 5040 654 5167 dicto
679 5041 846 5168 citius
865 5035 1092 5167 tumida
1110 5040 1606 5215 aequoraplaeat:
1802 5220 1806 5229 ⁵

175 5297 604 5467 Conlectasque
625 5296 789 5470 fugat
810 5294 1014 5438 nubes,
1039 5296 1333 5466 solemque
1355 5294 1596 5425 reducit.

177 5555 537 5727 Cymotho‘e‘,
564 5552 731 5680 fimul
754 5587 814 5681 et
836 5554 1052 5681 Triton·
1069 5549 1333 5727 adnixus,
1362 5586 1535 5685 acuto

177 5812 521 5941 Detrudnnt
544 5813 704 5987 navis
724 5810 981 5983 scopulo,
1024 5816 1212 5939 Levat
1232 5810 1350 5984 ipse
1372 5808 1637 5939 tridenti:
1900 5992 1907 6003 .

175 6074 256 6198 Et
276 6071 458 6196 vastas
482 6069 666 6241 aperit
688 6068 889 6238 Syrtis,
915 6100 977 6193 et
998 6099 1285 6239 temperat
1306 6114 1552 6237 aequor:

178 6331 385 6495 Atque
408 6326 546 6452 rotis
569 6328 816 6452 summas
838 6323 1060 6452 levibus
1082 6322 1397 6495 perlabitur
1416 6321 1620 6453 undat.

179 6570 296 6727 Ac,
323 6581 503 6710 veluti
528 6628 742 6756 magno
767 6583 832 6707 in
850 6582 1077 6756 populo
1099 6627 1286 6752 quum
1306 6586 1474 6758 saepe
1496 6612 1696 6711 coorta
1718 6579 1801 6707 est

184 6836 421 6982 Seditio,
447 6843 737 7014 saevitque
761 6841 965 6972 animis
985 6841 1240 7013 ignobile
1261 6841 1515 7027 volgum¹
