5106 8526
413 873 637 1008 AEN
662 871 714 1003 E
737 872 852 1007 tu
877 874 935 1006 0
964 871 1002 1006 δ
1055 871 1255 1005 'le
1313 873 1387 1007 Il.
1444 916 1505 1007 v..
1538 906 1678 1036 177.
1841 873 1966 1032 12872

156 1171 287 1297 Nec
310 1156 471 1335 posse
492 1158 782 1333 Argolicis
807 1156 1063 1297 exscindi
1085 1165 1366 1332 Pergama
1387 1157 1546 1317 telio

158 1422 378 1553 Omina
400 1418 463 1544 ni
485 1446 753 1592 repetant
773 1419 971 1591 Argis,
997 1462 1337 1587 numenque
1358 1414 1659 1565 reducant

158 1673 347 1848 Quod
368 1673 577 1850 pelago
602 1704 663 1805 et
685 1674 872 1805 curvis
893 1676 1086 1807 seeum
1110 1720 1356 1811 avexere
1377 1674 1596 1811 cuiuis.

160 1941 237 2060 Et
259 1979 436 2076 nunc,
464 1927 861 2103 quodpatrias
880 1961 1059 2063 vento
1081 1932 1298 2102 petiere
1320 1934 1634 2102 Mycenas,

160 2197 354 2315 Arma
377 2184 634 2354 deosque
658 2218 870 2358 parant
890 2188 1154 2330 comites,
1178 2183 1503 2363 pelagoque
1526 2189 1787 2326 rement>

164 2442 449 2616 Inprovifi
471 2438 733 2597 adenmt.
780 2447 871 2575 Ita
892 2440 1100 2613 digerit
1120 2441 1320 2577 omina
1344 2441 1609 2591 Calchas.

162 2706 340 2828 Hanc
364 2743 473 2868 pro
500 2695 764 2831 Palladio
788 2700 1018 2842 moniti,
1043 2701 1418 2870 pronomine
1438 2698 1593 2839 lanso

165 2890 436 3124 Effigiem
457 2954 728 3105 statuere;
759 2953 921 3088 nefas
945 3001 1095 3135 quae
1119 2955 1498 3128 tristepiaret.

165 3213 345 3336 Hanc
369 3244 568 3343 tamen
586 3211 909 3345 inmensam
934 3198 1184 3345 Calchas
1206 3211 1488 3355 adtollere
1512 3210 1733 3357 molem

168 3461 517 3597 Roboribus
539 3464 730 3608 textis,
753 3460 1046 3643 coeloque
1070 3465 1318 3609 educere
1332 3463 1518 3642 justit:

170 3727 274 3848 Ne
297 3720 478 3891 recipi
500 3721 701 3893 portis,
729 3753 832 3853 aut
854 3719 993 3859 duci
1014 3723 1079 3853 iu
1099 3723 1335 3855 moenia
1354 3720 1554 3894 poffit;

175 3979 319 4104 Neu
345 3974 639 4146 populum
661 3977 901 4143 antiqua
920 3977 1026 4109 sub
1049 3978 1326 4147 religione
1348 3981 1518 4117 uteri.

180 4237 346 4359 Nam
367 4232 411 4356 fi
431 4232 615 4362 vestra
637 4277 845 4361 manus
867 4229 1123 4369 violaffet
1146 4229 1303 4375 dona
1328 4237 1651 4382 Miuetuau

180 4488 348 4615 Tum
371 4531 653 4656 magnum
670 4488 917 4619 exitium
946 4487 1132 4658 (quod
1157 4491 1240 4621 Di
1260 4493 1421 4668 pn'us
1444 4537 1623 4643 omen
1645 4493 1708 4629 iu
1729 4492 1918 4668 ipsum

185 4749 568 4905 Convertunt)
598 4744 817 4877 Priami
838 4746 1083 4917 imperio
1109 4746 1559 4921 Phrygibusque
1581 4747 1864 4899 summm,

190 5002 294 5126 Sin
316 4996 584 5124 manibus
607 4998 802 5127 vesttis
823 5000 1067 5131 vestram
1088 4999 1464 5138 adscmdiffet
1484 5006 1548 5139 iu
1565 5005 1801 5155 urbems

188 5255 365 5381 Ultro
391 5254 593 5389 Afiam
615 5298 831 5424 magno
855 5253 1111 5429 Pelopea
1131 5256 1213 5388 ad
1232 5259 1468 5391 moenia
1488 5260 1647 5405 bello

189 5516 536 5651 Venturam,
563 5543 624 5647 et
644 5483 868 5641 nollaos
892 5557 961 5639 ea
980 5509 1101 5655 fata
1121 5558 1358 5661 manere
1378 5550 1646 5692 nepotes,

192 5765 441 5893 Talibus
464 5764 675 5894 infidiis
695 5766 1028 5941 petjurique
1048 5803 1175 5901 arte
1198 5770 1430 5907 Sinonis

197 6019 439 6149 Credita
461 6068 567 6168 res,
597 6025 870 6195 captique
889 6023 1039 6153 dolis
1060 5967 1425 6198 beluisque
1448 6032 1683 6175 mactis

196 6284 371 6449 Qos
394 6324 588 6446 neque
611 6278 896 6450 Tydides,
923 6328 1036 6409 nec
1056 6280 1374 6415 Lanaeus
1400 6283 1683 6437 Achilles.

202 6539 346 6660 Non
370 6535 509 6660 anni
532 6531 813 6663 domuere
830 6535 1057 6683 decem,
1086 6585 1207 6677 nou
1232 6538 1391 6671 mille
1416 6542 1664 6673 estimo.
1694 6585 1698 6593 ·

289 6794 408 6919 ch
431 6791 590 6921 aliud
611 6794 797 6969 majus
819 6797 1034 6929 miseris
1057 6797 1366 6971 multoque
1393 6795 1764 6939 tremmdtm
