5106 8526
172 978 177 983 .
437 862 1029 994 AENEIDOS
1085 862 1281 991 LIB.
1340 863 1415 991 ΙΙ.
1473 905 1708 1036 v.453.
1872 910 1996 1040 199

175 1158 388 1286 Limen
411 1189 548 1301 erat,
579 1196 901 1326 caecaeque
925 1152 1093 1299 sores,
1123 1187 1182 1282 et
1205 1156 1434 1329 pervius
1457 1158 1588 1283 usus

174 1419 500 1543 Tectorum
523 1418 674 1542 inter
694 1418 749 1541 se
774 1413 1005 1558 Priami,
1034 1412 1551 1585 postesquerelicti

172 1680 237 1799 A
261 1705 454 1845 tergo:
494 1669 696 1798 infelix
718 1718 835 1842 qua
857 1672 929 1814 se,
959 1670 1104 1798 dum
1128 1718 1304 1843 regna
1328 1669 1663 1815 manebant,

172 1931 412 2103 Saepius
435 1928 861 2057 Andromache
884 1925 1038 2054 ferre.
1055 1929 1393 2061 incomitata
1413 1927 1631 2059 solebat

167 2185 277 2314 Ad
298 2190 535 2331 soceros,
553 2147 624 2313 'et
647 2232 758 2314 avo
781 2232 1033 2358 puerum
1058 2189 1419 2359 Astyanacta
1441 2181 1732 2319 trahebat,
1767 2310 1772 2321 ,
1806 2262 1810 2273 ·

164 2443 372 2572 Evado
396 2442 474 2571 ad
493 2442 702 2571 summi
725 2441 940 2614 fastigia
966 2442 1260 2571 culminis:
1300 2442 1461 2573 unde

163 2701 314 2828 Tela
336 2747 514 2828 manu
539 2700 721 2826 miseri
737 2699 1041 2876 jactabant
1063 2701 1216 2831 irrita
1240 2701 1474 2828 Teucri.

160 2959 400 3086 Turrim
422 2958 484 3082 in
505 2958 805 3132 praecipiti
827 2963 1092 3103 stantem,
1121 2961 1472 3128 summisque
1494 2956 1599 3091 sub
1622 2956 1782 3089 astra»

158 3214 452 3342 Eductam
476 3217 658 3361 tectis,
686 3215 847 3353 unde
870 3216 1060 3343 omnis
1084 3170 1267 3390 Troja
1288 3215 1487 3359 videri,

157 3476 239 3601 Et
265 3471 543 3598 Danadm
566 3470 762 3599 solitae
783 3519 977 3616 naves,
1007 3505 1067 3597 et
1090 3471 1327 3598 Achaia
1352 3475 1545 3615 castra,

155 3724 430 3902 Adgresli
451 3724 601 3856 serro
627 3728 865 3872 circum,
894 3776 1013 3898 qua
1033 3730 1257 3895 summa
1279 3728 1525 3859 labantis

151 3993 474 4156 Juncturas
497 3984 758 4113 tabulata
782 3973 1027 4136 dabant;
1068 3984 1448 4114 convellimus
1472 3983 1598 4117 altis

158 4242 429 4386 Sedibus,
457 4239 910 4413 inpulimusque.
956 4247 1042 4368 Ea
1063 4239 1215 4373 labsa
1237 4276 1479 4415 repente
1501 4240 1730 4369 ruinam
1836 4262 1841 4267 ’

157 4505 317 4628 Cum
341 4500 531 4626 sonitu
554 4495 752 4640 trabit,
776 4532 835 4624 et
860 4496 1143 4637 Danaum
1163 4502 1343 4671 super.
1354 4500 1584 4670 agmina
1604 4495 1738 4629 late:

156 4755 390 4884 Incidit.
434 4758 550 4880 Ast
570 4755 668 4881 alii
688 4754 966 4881 subeunt:
1009 4803 1119 4884 nec
1140 4758 1291 4902 saxa,
1319 4803 1431 4889 nec
1454 4753 1671 4887 ullum„

154 5014 445 5140 Telorum
467 5012 685 5137 interea
707 5008 879 5137 ceffat
898 5056 1099 5181 genus

152 5268 526 5397 Vestibulum
550 5296 686 5392 ante
707 5266 893 5438 ipsum
918 5266 1311 5439 primoquein
1333 5265 1536 5401 limine
1555 5263 1818 5437 Pyrrhus

153 5525 420 5654 Exsultat
441 5524 586 5665 telis,
615 5555 675 5649 et
697 5521 827 5656 luce
852 5525 1122 5651 coruscus
1138 5531 1305 5661 adua,

152 5783 368 5955 Qralis
391 5781 495 5908 ubi
518 5779 793 5909 in'lueem
818 5778 1060 5919 coluber
1082 5779 1513 5951 malagramina
1534 5778 1747 5953 pastus,
1941 5940 1947 5949 ,

16 6076 17 6079 ‘
149 6038 386 6212 Frigida
407 6038 511 6167 sub
536 6071 684 6166 terra
705 6035 1004 6165 tumidum
1026 6036 1436 6208 quembruma
1448 6036 1719 6210 tegebat,

147 6302 335 6424 Nunc
357 6296 552 6467 positis
575 6338 766 6424 nouus
788 6295 1009 6423 exuviis
1030 6291 1370 6463 nitidusque.
1379 6294 1641 6469 juventa,
1852 6378 1856 6385 -

145 6552 407 6682 Lubrica
431 6551 727 6681 convolvit
748 6550 972 6680 sublato
994 6584 1243 6725 pectore
1253 6584 1412 6722 terga
1448 6526 1451 6531 ⁵

150 6806 400 6940 Arduus
424 6809 501 6939 ad
520 6808 715 6954 solem,
745 6808 1036 6981 ‹tt-linguis
1060 6809 1365 6948 nicatore.
1383 6806 1637 6946 trisulcis..
