5202 8512
660 842 745 1023 ri
947 752 1439 982 GEORG
1526 847 1765 979 LIB.
1838 848 1915 981 11.
2001 884 2225 1018 v.39;

660 1148 880 1314 Tuque
903 1139 1063 1286 ades,
1085 1141 1506 1315 inceptumque
1528 1176 1652 1265 una
1670 1134 1920 1269 decurre.
1939 1132 2266 1284 laborem.
2455 1180 2459 1189 ·

664 1408 724 1530 Ο
749 1399 948 1546 decus,
974 1445 1014 1526 o
1036 1394 1226 1525 famae
1248 1396 1458 1527 merito
1478 1442 1622 1569 ρης
1633 1436 1912 1525 maxuma
1933 1399 2211 1545 nostme,
2399 1426 2405 1439 ’

663 1664 995 1803 Maecenas,
1022 1652 1573 1831 pelagoquevolam
1596 1652 1826 1781 devela-
1843 1653 2104 1827 patenti·

665 1918 812 2044 Non
835 1960 946 2086 ego
969 1946 1185 2045 cuncta
1204 1908 1347 2043 meir
1370 1909 1644 2084 amplecti
1665 1908 1916 2041 versibus
1939 1906 2121 2083 opto:
2155 1938 2162 1949 ·

666 2175 830 2317 Non,
857 2169 1004 2301 mihi
1023 2172 1066 2298 fr
1087 2169 1325 2345 linguae
1342 2199 1580 2297 centum
1602 2170 1729 2313 fmt,
1755 2213 1975 2337 oraque
1998 2199 2286 2312 curtum
2304 2222 2332 2289 κ
2505 2158 2506 2181 '

666 2435 881 2562 Ferrea
894 2475 1036 2557 uox.
1078 2426 1273 2573 Ades,
1296 2460 1357 2557 et
1377 2428 1550 2599 primi
1571 2427 1699 2598 lege
1720 2423 1904 2555 litoris
1924 2447 2132 2555 oram(

669 2692 741 2817 In
764 2686 1034 2813 manibus
1057 2718 1260 2817 terrae,
1300 2688 1446 2819 Non
1466 2683 1567 2812 htc
1587 2716 1650 2815 te
1669 2682 1927 2812 carmine
1945 2680 2121 2827 ficto,

671 2952 878 3115 Atque
901 2991 1007 3115 per
1028 2940 1321 3114 ambages,
1348 2975 1410 3069 et
1429 2941 1605 3112 longa
1627 2942 1824 3073 exorss
1846 2938 2082 3069 tenebo.

535 3346 540 3360 ,
758 3208 982 3373 Sponte
1004 3201 1102 3326 sua
1125 3247 1275 3371 quae
1296 3201 1351 3327 se
1373 3197 1595 3357 toll-unt
1612 3199 1676 3325 in
1694 3196 1934 3325 luminis
1958 3244 2173 3343 aurun:

671 3455 996 3586 Infecunda
1021 3456 1287 3627 quidem,
1306 3455 1412 3584 sed.
1427 3454 1578 3587 lacta
1597 3487 1663 3585 et·
1681 3451 1853 3582 fortia
1873 3458 2136 3626 surgunt„

672 3715 919 3886 Quippe
939 3713 1059 3839 solo
1082 3746 1288 3841 natura
1309 3711 1513 3841 subest.
1556 3746 1759 3839 tamen
1781 3711 1927 3841 haec
1950 3758 2208 3882 quoque
2221 3709 2405 3879 frquir

670 3973 904 4115 Inserat,
932 4002 1033 4098 aut
1051 3970 1344 4125 scrobibus
1368 3967 1617 4099 mandet.
1634 3986 1859 4101 mutata
1878 3969 2150 4115 subactis,
2209 4040 2213 4055 ·

669 4229 956 4355 Exuerint
977 4228 1282 4361 srlrestrem
1305 4228 1606 4359 anirnumt
1639 4226 1922 4397 cult-uque
1944 4223 2246 4400 frequenti

671 4484 744 4612 In
767 4488 1157 4655 quascumque
1177 4531 1352 4614 voces
1374 4485 1525 4629 artis,
1552 4481 1714 4612 haud
1734 4483 1903 4613 tarda
1924 4486 2257 4653 sequentur.

672 4744 948 4869 Necnon
971 4740 1269 4885 etstcrilis,
1293 4782 1445 4911 quae
1464 4738 1732 4912 stirpibus
1756 4743 1880 4871 exit
1902 4741 1977 4869 ab
1999 4743 2158 4886 imis,
2228 4730 2232 4737 ¹

671 5004 810 5125 Hoc
832 4995 1020 5142 faciet,
1048 5045 1263 5126 vacuos
1284 4998 1328 5129 fr
1347 5000 1417 5125 fit
1438 4995 1653 5171 digesta
1675 5042 1782 5171 per
1803 5020 2000 5172 agros:

672 5259 852 5382 Nunc
874 5255 1023 5384 altae
1046 5253 1302 5398 frondes,
1327 5276 1388 5383 et
1408 5257 1553 5385 rami
1575 5258 1770 5387 matris
1794 5284 2065 5429 opacant,

674 5514 1082 5682 Crescentique
1104 5509 1372 5642 adimunt
1394 5507 1604 5659 focmr,
1632 5546 1935 5684 uruntque
1950 5513 2253 5645 ferentem.

669 5776 827 5939 jam,
852 5817 1003 5941 quae
1024 5767 1333 5897 seminibus
1347 5771 1516 5943 jactis
1539 5773 1594 5898 se
1614 5770 1831 5897 sustulit
1853 5770 2040 5916 arbos,
2175 5842 2181 5853 <⁴
2226 5792 2230 5801 '

1350 5962 1356 5971 .

670 6025 868 6155 Tarda
890 6027 1069 6171 venit,
1094 6028 1222 6157 feris
1245 6024 1465 6157 factura
1488 6027 1802 6200 nepotibus'
1824 6027 2138 6161 umbram}
2163 6050 2169 6061 ’
2408 6072 2411 6081 ’

670 6287 973 6455 Pomaque
998 6285 1352 6456 degenerant
1371 6286 1533 6412 sucos
1557 6283 1739 6411 oblita
1760 6286 2005 6467 priores:
2087 6302 2091 6310 ’

668 6544 746 6667 Et
767 6543 950 6715 turpia
974 6542 1174 6670 avibus
1198 6538 1476 6713 praedam
1499 6540 1612 6669 fert
1632 6578 2043 6671 uvaraccmos.

393 6808 396 6825 '
669 6797 895 6926 Scilicet
914 6798 1187 6930 omnibus
1211 6801 1292 6924 est
1313 6797 1477 6927 labor
1498 6796 1942 6970 inpendendo&
1966 6832 2026 6925 ct
2048 6841 2247 6927 omnes
