5074 8524
444 932 1075 1068 AENEIDOS
1140 928 1350 1068 ΗΒ.
1416 927 1460 1066 Ῑ.
1534 972 1725 1112 regg.
1874 975 1989 1111 147

177 1227 331 1360 Vela
353 1222 576 1355 dabant
595 1223 748 1366 lacti,
776 1253 837 1350 et
857 1216 1085 1397 spumas
1106 1224 1232 1354 salis
1254 1264 1383 1355 aere
1405 1218 1683 1382 ruebant;

178 1493 395 1658 qum
416 1450 599 1653 Jun0‚
627 1512 929 1608 aeternum
949 1483 1173 1612 servans
1190 1483 1294 1611 sub
1315 1518 1551 1657 pectore
1573 1480 1798 1632 volnus,

178 1749 351 1873 Haec
373 1743 593 1867 seeum:
632 1739 816 1865 Mene
838 1734 1077 1912 incepto
1100 1737 1359 1870 desrstere
1381 1742 1614 1888 victam,

179 2003 317 2127 Nec
338 1992 498 2171 posse
521 1991 687 2123 Italis
709 1992 1076 2121 Teucrorum
1099 2029 1353 2128 avertere
1373 2044 1571 2170 regem
1586 1999 1620 2123 l·

181 2254 435 2428 Qrippe
455 2282 621 2378 vetor
644 2247 791 2419 satis.
835 2248 1098 2378 Pallasne
1120 2292 1359 2383 exurere
1382 2254 1611 2383 classem
1714 2270 1717 2277 ’

180 2509 504 2681 Argivum,
530 2538 707 2679 atque
728 2505 877 2679 ipsos
900 2507 1096 2679 potuit
1116 2507 1481 2683 submergere
1501 2540 1710 2686 ponto,

184 2767 380 2894 Unius
403 2764 487 2895 ob
507 2809 725 2893 noxam
747 2793 808 2891 et
828 2756 1003 2890 furias
1026 2765 1227 2939 Ajacis
1252 2766 1441 2894 Oilei?

186 3026 335 3197 Ipsa,
362 3022 527 3190 Jovis
547 3018 817 3195 rapidum
832 3017 1086 3194 jaculata
1110 3067 1143 3149 e
1165 3018 1420 3181 nubibus
1439 3022 1656 3195 ignem,

186 3278 554 3454 Disjecitque
575 3308 741 3422 rates,
770 3275 1092 3446 evertitque
1113 3322 1367 3448 aequora
1388 3280 1608 3407 ventis:
1649 3352 1655 3368 ·

187 3535 367 3663 Illum
390 3496 772 3711 exspirantem
793 3530 1072 3659 transfixo
1096 3563 1335 3707 pectore
1358 3532 1622 3662 flammas

188 3791 459 3922 Turbine
483 3789 791 3964 conripuit,
819 3789 1174 3961 scopuloque
1196 3788 1387 3917 infixit
1408 3824 1599 3918 acuto.

191 4049 310 4177 Ast
330 4094 458 4219 eg0,
488 4092 637 4219 quae
660 4044 863 4173 divom
883 4042 1095 4173 incedo
1116 4047 1329 4217 regina,
1357 4047 1640 4215 Jovisque

192 4311 274 4435 Et
295 4307 450 4431 soror
471 4336 532 4430 et
555 4300 789 4476 conjux,
817 4345 1095 4428 unacum
1117 4333 1293 4472 gente
1315 4333 1407 4429 tot
1428 4346 1641 4461 annos

193 4561 356 4691 Bella
376 4605 530 4733 gero.
573 4561 652 4685 Et
675 4555 975 4729 quisquam
997 4601 1220 4747 numen
1242 4559 1495 4727 Junonis
1517 4555 1723 4687 adoret

197 4822 518 4959 Praeterea,
545 4847 648 4941 aut
667 4812 914 4992 supplex
936 4812 1044 4940 aris
1065 4815 1314 4987 inponat
1333 4814 1655 4943 honorem?
1699 4932 1703 4939 ,
1918 4958 1921 4969 ,

195 5071 367 5229 Talia
386 5068 688 5198 flammato
710 5071 903 5199 secum
927 5073 1060 5198 Dea
1081 5066 1259 5199 corde
1280 5070 1565 5215 volutans,

201 5325 559 5458 Nimbomm
581 5326 642 5451 in
664 5325 928 5498 patriam,
954 5323 1084 5451 loca
1106 5322 1264 5454 foeta
1285 5325 1610 5456 furentibus
1632 5324 1845 5469 austris,

199 5584 479 5715 Aeoliam
501 5584 676 5710 venit.
721 5586 839 5712 ch
861 5584 1020 5711 vasto
1042 5629 1146 5711 rex
1169 5582 1399 5711 Aeolus
1425 5615 1594 5710 antro

199 5839 505 5971 Luctantis
527 5870 735 6029 ventos
758 5838 1240 6017 tempestatesque
1262 5841 1491 5967 sonoras

201 6098 456 6272 Imperio
477 6097 707 6270 premit,
736 6145 804 6225 ac
824 6094 1024 6224 vinclis
1047 6130 1106 6223 et
1128 6142 1353 6224 carcere
1376 6092 1579 6224 frenat.

202 6355 293 6483 Illi
316 6351 681 6523 indignantes
704 6398 919 6525 magno
933 6334 1081 6479 'cum
1103 6394 1400 6479 murmure
1423 6354 1643 6513 montis
1715 6513 1721 6525 ⁸

204 6613 443 6740 Circum
465 6606 702 6738 claustra
723 6606 995 6739 fremunt.
1042 6607 1204 6736 Celsa
1226 6606 1384 6738 sedet
1404 6608 1636 6737 Aeolus
1658 6655 1788 6738 aree
1990 6658 1993 6665 ’
2172 6546 2175 6555 ¹

206 6871 445 7040 Sceptra
468 6898 688 7015 tenens,
717 6868 1019 7038 mollitque
1041 6866 1282 7012 animos,
1311 6899 1372 6997 et
1392 6898 1678 7040 temperat
1698 6868 1825 6996 iras.
