5074 8524
364 832 856 1026 cuono.
945 900 1181 1024 nra.
1257 900 1362 1024 111.
1447 902 1683 1030 mos.
1857 946 1946 1074 99

38 1302 42 1307 ,
116 1204 380 1367 Jamque
403 1187 668 1333 humiles,
688 1189 930 1363 jamque
955 1186 1089 1313 elati
1110 1187 1354 1315 sublime
1377 1186 1649 1318 videntur

118 1461 290 1580 Adra
314 1386 419 1620 per
440 1492 692 1573 vacuum
716 1443 863 1589 ferri,
892 1478 1067 1613 atque
1092 1444 1389 1616 adsurgere
1413 1447 1683 1576 inauras

119 1714 258 1836 Nec
281 1749 464 1846 mora,
491 1749 602 1830 nec
625 1701 867 1870 requies.
912 1706 1004 1827 At
1028 1698 1219 1830 fulvae
1241 1701 1476 1830 nimbus
1500 1751 1706 1833 arenae

116 1963 406 2091 Tollitur:
440 1957 787 2086 humescunt
806 1959 1038 2130 spumis,
1065 1958 1326 2129 flatuque
1349 1963 1709 2128 sequentum.

118 2225 358 2349 Tantus
381 2261 545 2343 amor
566 2214 826 2361 laudum,
855 2250 1051 2342 tantae
1076 2216 1158 2343 est
1179 2216 1417 2343 victoria
1440 2220 1627 2347 curae.

121 2480 357 2603 Primus
381 2472 794 2600 Erichthonius
818 2518 1014 2598 currus
1039 2505 1098 2601 et
1122 2507 1374 2643 quatuor
1396 2474 1560 2599 ausus

121 2742 386 2905 Jungere
410 2736 610 2900 equos,
637 2728 990 2903 rapidusque
1012 2732 1149 2859 rotis
1173 2730 1419 2858 insistere
1442 2730 1643 2857 victor.

122 2995 317 3118 Frena
341 2983 697 3113 Pelethronii
719 2985 1025 3158 Lapithae,
1053 3034 1344 3158 gyrosque
1368 2984 1582 3113 dedere

125 3244 371 3419 Inposrti
394 3222 581 3389 dorso
612 3277 788 3411 atque
812 3191 1070 3411 equitem
1093 3242 1346 3371 docuere
1367 3242 1473 3369 sub
1491 3244 1668 3370 'armis
1782 3240 1787 3253 ’
1843 3242 1849 3251 ’

125 3498 406 3633 Insultare
427 3499 564 3645 solo
594 3531 653 3627 et
674 3495 885 3669 gressus
908 3498 1225 3670 glomerare
1246 3498 1541 3671 superbos.

129 3772 384 3930 Aequus
406 3791 651 3926 uterque
674 3752 865 3883 labor:
906 3803 1090 3926 aeque
1106 3757 1501 3930 juvenemque
1526 3757 1776 3928 magistri

130 4017 482 4186 Exquirunt‚
512 4011 882 4181 calidumque
905 4012 1109 4141 animis
1133 4046 1192 4140 et
1216 4013 1469 4141 cursibus
1494 4060 1701 4141 acrem.

132 4274 422 4447 Qamvis
445 4273 611 4445 saepe
633 4265 771 4440 fuga
791 4271 979 4394 versos
1001 4267 1095 4396 ille
1120 4271 1297 4441 egerit
1319 4268 1511 4413 hostis,

133 4540 214 4663 Et
235 4528 482 4704 patriam
505 4525 750 4698 Epirum
773 4522 999 4671 referat,
1028 4524 1307 4694 sortisque
1329 4530 1616 4697 Mycenas
1626 4594 1643 4678 ;
1782 4526 1787 4537 ’

133 4785 520 4961 Neptunique
543 4783 660 4956 ipsa
683 4780 938 4910 deducat
957 4784 1176 4954 origine
1197 4815 1450 4954 gentem.

134 5047 248 5176 His
271 5038 673 5169 animadversrs
696 5038 908 5163 instant
927 5036 1032 5164 sub
1054 5070 1306 5209 tempus,
1335 5069 1394 5164 et
1416 5039 1604 5163 omnis

138 5297 484 5474 Inpendunt
506 5340 668 5423 curas
694 5291 870 5420 denso
894 5292 1214 5421 distendere
1236 5293 1457 5467 pingui,
1575 5298 1581 5305 ’
1816 5296 1823 5307 ’

141 5564 343 5731 Qrem
366 5555 554 5726 legere
567 5550 810 5697 ducem,
839 5585 899 5679 et
919 5552 1119 5724 pecori
1141 5500 1670 5683 dixeremaritums
1876 5642 1903 5664 ·.

142 5813 556 5980 Pubentesque
578 5811 770 5999 secant
790 5807 1016 5953 herbas,
1042 5806 1366 5977 fluviosque
1390 5811 1727 5955 ministrant,

140 6077 455 6239 Farraque;
487 6114 563 6193 ne
586 6064 804 6194 blando
827 6098 1080 6234 nequeat
1100 6061 1379 6239 superesse
1400 6066 1608 6218 labori,
1753 6068 1762 6081 ’
1837 6062 1844 6073 ’

143 6324 506 6493 Invalidique
535 6356 770 6496 patrum
792 6320 1043 6450 reserant
1056 6324 1276 6498 jejunia
1297 6325 1484 6495 gnati:

144 6586 275 6759 Ipsa
298 6613 496 6709 autem
521 6582 704 6718 macie
727 6614 972 6710 tenuant
995 6592 1254 6709 armenta
1275 6581 1553 6709 volentes.
1619 6584 1625 6595 ’
1662 6624 1668 6635 “

146 6849 371 7009 Atque,
399 6838 502 6968 ubi
526 6839 870 6971 concubitus
896 6836 1253 7016 primos'jam
1276 6852 1418 6968 nota
1438 6838 1706 7010 voluptas
1779 6932 1782 6939 -
1841 6948 1848 6959 .
1963 6832 1970 6843 ’
