5074 8524
417 901 1738 1078 AENn1D0.sL1u.1.v.495·..
1870 916 1985 1075 167

177 1205 346 1329 Dum
369 1196 577 1366 stupet,
607 1192 938 1363 obtutuque
962 1191 1164 1321 haeret
1183 1191 1410 1327 defixus
1432 1197 1494 1325 in
1516 1243 1673 1347 unna

174 1456 405 1626 Regina
429 1448 505 1578 ad
529 1450 834 1622 templum,
863 1447 1051 1577 forma
1073 1449 1478 1622 pulcherrima,
1506 1453 1680 1584 Dido.
1705 1556 1711 1565 .

173 1706 417 1855 Incessit,
446 1752 665 1878 magna.
670 1706 1224 1882 juvenum'ssipanne
1246 1730 1490 1838 caterva.
1516 1724 1523 1737 ’

174 1969 381 2140 Qalis
403 1968 466 2091 in
490 1971 743 2091 Eurotae
764 1964 919 2138 ripis,
947 1996 1049 2097 aut
1069 2013 1176 2136 per
1188 1965 1332 2140 juga
1356 1968 1594 2139 Cynthi.

170 2230 424 2351 Exercet
446 2224 640 2353 Diana
663 2208 908 2369 chenese
931 2265 1111 2390 quam
1132 2222 1287 2350 mille
1304 2228 1543 2353 secutae-

171 2482 331 2607 Hinc
355 2513 530 2650 atque
552 2479 690 2605 hinc
711 2475 1107 2649 glomerantur
1120 2478 1413 2625 Oreades,
1438 2480 1541 2609 ilia
1555 2478 1934 2654 pharetram·

70 2882 72 2891 ¹
171 2740 310 2865 Fert
330 2736 597 2880 humer0‚
622 2733 1014 2917 gradiensque
1030 2732 1176 2861 deas.
1188 2737 1576 2908 supereminet
1596 2738 1815 2869 omnir:

171 3001 437 3120 Latonae
461 2994 713 3123 tacitum.
725 3023 1059 3164 pertentant
1079 2988 1294 3162 gaudia
1312 3025 1534 3165 pectun

172 3249 335 3377 Talis
360 3282 481 3376 erat
504 3245 696 3373 Dido:
737 3247 991 3381 talernse
1013 3246 1164 3373 laeta
1185 3244 1412 3377 ferebat·

174 3511 288 3632 Per
311 3501 553 3647 medios,
579 3503 795 3629 instans
816 3503 981 3675 operi
1001 3505 1307 3673 regnisque
1329 3502 1552 3635 futuris.

172 3764 340 3889 Tum
362 3760 584 3887 foribus
607 3758 791 3907 diuae,
818 3758 1012 3885 media
1033 3757 1321 3909 testudine
1343 3760 1565 3935 templi,

175 4026 353 4192 Septa
376 4018 564 4159 armis,
591 4015 846 4185 solioque
868 4014 982 4141 alte
1004 4015 1247 4142 subnixa
1267 4015 1488 4153 resedit.

173 4282 321 4444 Jura
344 4271 523 4400 dabat
543 4271 814 4443 legesque
835 4270 993 4398 viris:
1033 4316 1397 4443 operumque
1416 4268 1698 4413 laborem

176 4528 444 4659 Partibus
469 4525 755 4698 aequabat
769 4527 950 4700 justis,
979 4529 1249 4655 autstrrte
1269 4527 1564 4677 trahebntr

176 4794 387 4960 Qum
408 4786 596 4912 subito
621 4790 862 4911 Aeneas
881 4785 1165 4910 concursu·
1183 4782 1467 4915 adcedere
1489 4830 1705 4957 magno

175 5042 422 5170 Anthea
446 5042 884 5229 Sergestumque
906 5037 1084 5181 videt,
1111 5035 1452 5210 fortemque.
1465 5041 1855 5187 Cloanthuma.

177 5302 663 5465 Teucrorumque
688 5294 854 5423 alios:
896 5326 1018 5420 ater
1039 5338 1189 5464 quos
1211 5342 1461 5466 aequore
1484 5296 1667 5429 turbo,

179 5552 524 5727 Dispulerat,
552 5552 900 5725 penitusque
922 5551 1060 5681 alias
1082 5586 1355 5685 avexerat
1373 5600 1518 5685 urae.
1546 5668 1551 5677 .

179 5806 501 5982 Obstupuit
522 5810 690 5935 simul
711 5811 845 5984 ipse,
872 5810 1039 5943 fimul
1062 5807 1355 5984 purcussus
1376 5811 1649 5949 Achaten·
1672 5870 1685 5889 ··

179 6067 546 6235 Laetitiaque
566 6099 864 6237 metuque,
893 6067 1047 6207 auidi
1069 6069 1420 6244 conjungere
1442 6066 1678 6213 dextras

182 6322 523 6452 Ardebant:
556 6322 654 6451 sed
674 6372 762 6452 res
786 6327 1011 6455 animun
1033 6326 1330 6496 incognita
1351 6326 1564 6467 turbae

128 6610 133 6625 '
186 6568 579 6731 Diffimulant3
611 6613 672 6709 et
694 6581 852 6710 nube
875 6631 1015 6710 cava
1037 6581 1404 6756 speculantur
1424 6582 1669 6727 amicti,⁴

188 6842 361 7010 Quae
384 6837 618 6968 fortuna
639 6840 796 6996 viris;
828 6836 1054 6970 daffem
1078 6888 1198 7011 quo
1218 6841 1385 6971 litore
1406 6838 1675 7012 linquant
1686 6912 1701 6990 ;
