5106 8526
425 906 1015 1032 AENEIDOS
1074 910 1270 1035 LIB.
1329 912 1434 1111 ΠΙ.
1493 954 1724 1082 v.545.
1860 960 1990 1087 239

161 1208 238 1328 Et
262 1195 452 1368 capita
476 1229 612 1321 ante
636 1242 757 1319 aras
784 1192 1042 1364 Phrygio
1067 1162 1329 1322 velamur
1353 1198 1568 1325 amictu
1588 1268 1604 1351 3

163 1455 613 1625 Praeceptisque
639 1450 868 1594 Heleni,
899 1451 1140 1579 dederat
1163 1501 1313 1622 quae
1339 1501 1635 1603 maxuma,
1664 1459 1772 1585 rite

161 1712 390 1885 Junoni
418 1712 671 1880 Argivae
685 1704 865 1881 jussos
891 1708 1192 1836 adolemus
1216 1713 1489 1839 honores.

164 1968 350 2099 Haud
376 2013 562 2092 mora:
598 1965 1175 2139 continuoperfectis
1200 1969 1406 2095 ordine
1429 1975 1598 2114 votis,

164 2237 410 2357 Cornua
432 2224 754 2348 velatarum
779 2223 1138 2352 obvertimus
1164 2262 1571 2372 antennarum,

164 2483 692 2658 Grajugenquue
717 2480 929 2606 domos
952 2484 1323 2655 suspectaque
1347 2484 1667 2654 linquimus
1692 2534 1840 2623 arva..

162 2746 325 2870 Hinc
348 2743 500 2863 finus
526 2737 820 2880 Herculei,
848 2741 1049 2864 srvera
1072 2743 1154 2866 est
1175 2737 1347 2886 lama,
1376 2744 1623 2871 Tarenti

164 2999 458 3127 Cernitur.
504 2993 763 3122 Adtollit
785 2995 839 3120 se
864 2993 998 3121 diva
1022 2998 1265 3123 Lacinia
1289 3032 1509 3144 contra,

163 3255 568 3421 Caulonisque
588 3272 766 3393 arces,
797 3286 854 3377 et
878 3250 1242 3423 navifragum
1270 3255 1632 3427 Scylaceum.

158 3520 332 3641 Tum
356 3508 561 3683 procul
585 3554 617 3634 e
640 3505 826 3633 fluctu
850 3510 1152 3636 Trinacria
1177 3514 1430 3638 cernitur
1453 3521 1675 3661 Aetna,

165 3779 245 3898 Et
267 3766 550 3938 gemitum
573 3768 870 3934 ingentem
895 3764 1102 3938 pelagi,
1129 3724 1466 3939 pulsataque
1489 3773 1623 3896 saxa

166 4024 472 4156 Audimus
496 4025 687 4193 longe,
716 4019 1039 4192 fractasque
1064 4021 1141 4150 ad
1161 4024 1327 4151 litora
1349 4071 1552 4152 voces:

168 4228 592 4451 Exsultantque
613 4280 781 4426 vada,
811 4312 986 4449 atque
1011 4284 1166 4409 aestu
1190 4285 1498 4408 miscentur
1521 4330 1744 4414 arenae.

168 4538 249 4667 Et
270 4574 436 4712 pater
459 4538 777 4664 Anchises:
827 4538 1123 4664 Nimirum
1148 4539 1293 4665 haec
1318 4539 1413 4665 illa
1439 4541 1802 4713 Charybdis:

168 4804 302 4927 Hos
326 4745 588 4923 Helenus
611 4794 895 4966 scopulos,
924 4796 1070 4922 haec
1093 4798 1226 4923 saxa
1248 4797 1541 4926 horrenda
1564 4802 1826 4930 canebat.

168 5056 409 5228 Eripite,
438 5099 476 5177 o
497 5051 658 5177 socii:
701 5051 1031 5222 pariterque
1054 5051 1323 5226 insurgite
1345 5055 1534 5180 remis.

171 5310 359 5443 Haud
385 5312 575 5437 minus
601 5355 668 5434 ac
683 5300 815 5481 juffi
836 5306 1082 5435 faciunt:
1124 5310 1466 5480 primusque
1489 5311 1799 5452 rudentem

176 5571 478 5700 Contorsrt
501 5567 690 5700 laevas
712 5610 947 5737 proram
973 5567 1280 5694 Palinurus
1302 5564 1378 5694 ad
1402 5568 1606 5697 undas.

173 5836 437 5956 Laevam
461 5858 672 5951 cuncta
695 5824 905 5950 cohors
929 5828 1100 5953 remis
1124 5827 1429 5993 ventisque
1453 5829 1676 5998 petivit.

172 6084 467 6211 Tollimur
489 6085 549 6207 in
575 6081 807 6206 coelum
833 6116 1071 6209 curvato
1091 6084 1333 6253 gurgite,
1364 6115 1423 6207 et
1446 6084 1607 6213 ldenr

176 6339 483 6470 Subducta
508 6338 582 6465 ad
608 6340 802 6465 Manis
824 6341 973 6467 imos
1000 6339 1313 6468 defidimus
1336 6339 1514 6468 unda.

175 6606 302 6728 Ter
322 6596 542 6770 scopuli
566 6595 879 6722 clamorem
903 6598 1054 6724 inter
1076 6598 1218 6724 cava
1240 6599 1373 6723 saxa
1398 6596 1638 6724 dedere:

177 6857 302 6981 Ter
323 6858 588 7028 spumam
613 6853 802 6982 elisam
827 6888 886 6983 et
909 6854 1158 6983 rorantia
1179 6852 1431 6987 vidimus
1454 6857 1613 6986 astra.
