5106 8526
570 856 731 1011 ,194
867 818 2140 992 Anunrn.osn1n.11.v.33s.

598 1117 745 1282 Qo
767 1107 1240 1255 fremitusvocat,
1270 1140 1330 1235 et
1349 1109 1607 1238 sublatus
1631 1108 1709 1239 ad
1732 1110 1968 1238 aethera
1992 1111 2222 1241 clamor.

597 1366 861 1496 Addunt
882 1370 937 1494 se
958 1367 1141 1494 socios
1163 1366 1451 1538 Ripheus,
1480 1401 1540 1495 et
1563 1413 1877 1495 maxumus
1901 1370 2074 1499 armis

597 1631 857 1799 Epytus:
891 1623 1073 1752 oblati
1094 1673 1201 1798 per
1222 1623 1423 1753 lunam
1447 1627 1837 1797 Hypanisque
1859 1628 2234 1798 Dymasque:

447 1866 450 1875 ⁵
599 1886 678 2010 Et
699 1881 862 2010 lateri
886 1879 1528 2053 adglomerantnostro:
1554 1883 1903 2057 juvenisque
1927 1886 2237 2036 Coroebus

374 2282 382 2297 ,
599 2135 1019 2311 Mygdonides.
1066 2138 1181 2266 Illis
1205 2137 1282 2265 ad
1304 2141 1548 2314 Trojam
1573 2136 1723 2266 forte
1746 2138 1952 2289 diebus
2309 2206 2324 2217 „
2499 2236 2500 2279 ᾗ

598 2401 875 2539 Venerat,
902 2396 1100 2523 insano
1127 2394 1474 2565 Cassandrae
1496 2398 1761 2524 irrcensus
1784 2443 2040 2539 amoret„

600 2656 678 2782 Et
699 2700 878 2824 gener
900 2653 1180 2779 auxilium
1208 2656 1441 2780 Priamo
1468 2652 1916 2826 Phrygibusque
1940 2653 2180 2799 ferebat.
2252 2778 2259 2787 ,

551 2988 555 2997 ·
600 2909 828 3069 Infelix,
858 2912 959 3079 qui
979 2913 1357 3083 nonsponsae
1374 2944 1691 3084 ,praecepta
1711 2907 1953 3041 furentis

599 3168 895 3296 Audierit.
976 3270 981 3277 .

601 3434 775 3600 Qos
798 3424 902 3550 ubi
926 3422 1218 3593 confertos
1242 3422 1455 3552 audere
1477 3423 1540 3551 in
1562 3423 1780 3594 proelia
1802 3426 1996 3579 yidi3¹
2076 3526 2083 3533 .
2312 3562 2314 3566 μ

599 3683 827 3856 Incipio
847 3684 1017 3851 super
1039 3681 1178 3819 his:¹
1190 3687 1466 3849 Juvenes,
1494 3675 1791 3808 fortiffima
1812 3681 2016 3813 frustra

600 3948 863 4084 Pectora,
891 3939 1121 4101 srvobis
1145 3937 1474 4107 audentem
1487 3970 1747 4067 extrema
1772 3942 1991 4115 cupido
2264 4064 2269 4071 ,

546 4186 550 4193 ’
601 4203 780 4328 Certa
801 4196 974 4367 sequi,
1008 4202 1178 4364 (quae
1190 4198 1268 4323 fit
1290 4195 1464 4323 rebus
1480 4192 1723 4323 fortuna
1744 4197 1983 4327 videtis:

599 4452 901 4584 Exceffere
925 4498 1130 4579 omnes
1157 4451 1351 4624 adytis
1373 4453 1599 4621 arisque
1619 4453 1834 4584 relictis

600 4718 703 4859 Di,
733 4708 946 4882 quibus
967 4708 1280 4881 imperium
1297 4710 1420 4839 hoc
1443 4712 1692 4875 steterat.)
1721 4714 2044 4857 succurritis
2065 4713 2201 4883 urbi

597 4972 884 5100 Incensae.
929 4968 1277 5143 Moriamur,
1307 4999 1367 5096 et
1387 4969 1450 5094 in
1472 4967 1667 5097 media
1688 5015 1848 5097 arma
1868 5018 2124 5127 ruamus.

598 5235 733 5357 Una
756 5226 901 5353 salus
923 5226 1105 5368 victis,
1133 5224 1355 5352 nullam
1375 5227 1599 5399 sperare
1622 5227 1881 5355 salutem.
2059 5278 2067 5291 ’

599 5488 693 5614 Sic
716 5484 921 5612 animis
938 5482 1227 5655 juvenum
1252 5479 1413 5610 furor
1435 5481 1684 5612 additus.
1705 5650 1707 5653 ι
1729 5483 1898 5629 Inde,
1927 5484 2052 5659 lupi
2075 5535 2186 5618 eeu

596 5751 889 5914 Raptores
915 5770 1036 5865 atra
1056 5740 1119 5864 in
1140 5739 1374 5885 nebula
1404 5786 1552 5911 qnos
1572 5740 2061 5915 inprobaventris

595 6001 808 6172 Exegit
830 6042 1034 6125 caecos
1054 5995 1259 6144 rabies,
1289 5997 1580 6168 catulique
1603 5998 1807 6128 relicti

593 6257 882 6385 Faucibus
908 6257 1243 6429 exspectant
1262 6257 1448 6407 ficcis;
1484 6304 1591 6430 per
1611 6256 1743 6404 tela,
1770 6307 1878 6432 per
1894 6214 2078 6389 hostis

594 6513 883 6644 Vadimus
906 6510 1069 6639 haud
1091 6512 1330 6644 dubiam
1352 6515 1417 6641 in
1438 6547 1718 6643 mortem:
1759 6517 2105 6690 mediaeque
2126 6549 2385 6650 &nemus

593 6771 769 6904 Urbis
792 6776 915 6933 iter.
962 6776 1105 6900 Nox
1121 6804 1248 6905 atra
1272 6820 1413 6943 caua
1435 6774 1812 6905 circumvolat
1836 6738 2061 6907 umbra.
