5106 8526
458 839 1046 1034 nnunroos
1104 911 1298 1037 nm.
1357 862 1432 1038 11.
1497 944 1734 1089 v.·545.
1880 968 2045 1100 203.

196 1211 491 1392 Conjecit:
530 1248 707 1332 rauco
731 1198 895 1371 quod
916 1199 1181 1371 protinus
1204 1246 1334 1328 aere
1356 1204 1665 1376 repulsum,

194 1482 272 1603 Et
293 1476 520 1600 summo
544 1461 713 1633 clipei
737 1454 1135 1626 nequidquam
1159 1457 1438 1588 umbone'
1446 1469 1746 1638 pependit.

196 1733 314 1860 Cui
338 1723 593 1900 Pyrrhus
603 1728 626 1841 ἐ
668 1711 907 1843 Referes
931 1760 1068 1885 ergo
1093 1714 1255 1860 haec,
1285 1752 1344 1844 et
1365 1721 1606 1850 nuntius¹
1629 1722 1739 1853 ibis
1782 1755 1786 1763 '

193 1985 430 2116 Pelidae
453 1975 715 2152 genitori.
760 1970 1005 2097 llli‘mea
1028 1972 1202 2099 tristia
1225 1970 1393 2118 facta,

9 2330 11 2333 ·
193 2252 682 2414 Degeneremque
706 2228 1170 2402 Neoptolemum
1193 2247 1420 2360 narrare
1444 2271 1759 2365 memento.

190 2508 375 2630 Nunc
399 2492 643 2622 morere.
689 2493 823 2614 Hoc
848 2485 1073 2630 dicens,'
1091 2485 1286 2614 altaria
1309 2488 1525 2663 ad'ipsa
1548 2527 1895 2629 trementem

187 2761 417 2900 Traxit,
445 2753 589 2881 etin
613 2746 801 2875 multo
823 2744 1139 2872 labsantem
1160 2745 1434 2916 sanguine
1457 2751 1600 2893 nati,
1763 2734 1776 2819 ’·

191 3014 583 3189 Inplicuitque
607 3050 836 3134 comam
860 3002 1045 3155 laeva3
1079 3000 1399 3174 dextraque
1423 3009 1725 3141 'coruscum

186 3269 433 3424 Extulit,
464 3312 531 3392 ac
554 3264 717 3389 lateri
741 3261 950 3434 capulo
974 3294 1144 3387 tenus
1168 3260 1394 3391 abdidit
1417 3266 1626 3391 ensemss

189 3537 358 3659 Haec
380 3525 509 3650 finis
534 3519 748 3647 Priami
770 3513 1049 3642 fatorum:
1090 3514 1186 3641 hic
1209 3519 1398 3645 exitus
1421 3519 1587 3647 illum

190 3794 357 3914 Sorte
381 3782 530 3923 tulit,
559 3775 802 3949 Trojam
826 3774 1132 3917 incensam,
1161 3807 1223 3899 et
1245 3772 1507 3946 prolabsa
1529 3774 1829 3909 videntem

189 4024 499 4210 Pergama;
531 4067 624 4164 tot
645 4029 948 4201 quondam
970 4029 1202 4201 populis
1226 4032 1502 4203 terrisque
1525 4034 1837 4207 superbum

186 4305 588 4469 Regnatorem
606 4288 806 4414 Asiae.
847 4293 1019 4456 Jacet
1040 4286 1243 4457 ingens
1264 4286 1431 4441 litore
1455 4322 1712 4437 truncus,

188 4554 600 4719 Avolsumque
619 4546 876 4673 humeris
899 4574 1093 4713 caput,
1123 4576 1181 4669 et
1202 4544 1320 4671 fine
1342 4549 1582 4676 nomine
1607 4593 1834 4722 corpur.

277 4816 370 4936 At
393 4839 639 4933 metum
662 4798 920 4975 primum
942 4802 1139 4927 saevus
1163 4800 1537 4932 circumstetit
1559 4805 1788 4934 horror:

191 5063 518 5236 Obstupui:
558 5054 727 5184 subiit
750 5057 866 5183 cari
886 5055 1160 5224 genitoria
1182 5055 1394 5226 imag0,

188 5330 276 5451 Ut
296 5366 490 5493 regem
514 5308 879 5487 aequaevum
900 5309 1120 5438 crudeli
1141 5313 1381 5442 vulnere
1402 5316 1524 5445 vidi

187 5583 389 5709 Vitam
414 5575 802 5705 exhalantem.
849 5568 1039 5697 Subiit
1062 5566 1280 5699 deserta
1304 5576 1539 5719 Creiisa,

190 5841 268 5963 Et
290 5820 516 6007 direpta
539 5786 771 5975 domus,
799 5861 860 5954 et
875 5827 1042 5998 parvi
1062 5830 1217 5956 casus
1241 5828 1369 5956 Iuli.

185 6091 475 6265 Respici0,
504 6122 565 6219 et
586 6132 736 6257 quae
758 6089 828 6212 fit
848 6131 944 6212 me
968 6086 1186 6211 circum
1211 6087 1380 6260 copia
1402 6087 1595 6217 lustro,

186 6353 504 6478 Deseruere
528 6340 732 6472 omnes
752 6338 966 6489 defeffi,
991 6376 1050 6470 et
1073 6389 1316 6515 corpora
1337 6343 1482 6472 saltu
1667 6474 1671 6479 ,

188 6605 298 6734 Ad
321 6556 532 6732 terram
556 6598 775 6747 miseress
802 6635 903 6732 aut
924 6598 1159 6774 ignibus
1178 6646 1346 6772 aegra
1370 6600 1609 6731 dedere'

276 6863 557 7035 [Jamque
582 6852 731 6991 adeo
753 6864 922 7033 super
942 6868 1095 6992 unus
1119 6907 1304 6999 eram:
1337 6906 1521 7030 quum
1544 6850 1749 6991 limina:
1765 6861 1974 6990 Vestae
