5074 8524
423 882 1711 1063 ssonc.s1s.11.v.3sa.
1896 892 1977 1055 s7

158 1181 440 1313 Mollibus
462 1184 525 1310 in
547 1183 723 1358 pratis
746 1179 1192 1308 unctos'saluere
1214 1216 1320 1354 per
1342 1213 1515 1308 utres.

160 1447 291 1571 Nec
314 1432 728 1583 nonAusonii,
746 1428 936 1612 =Troja
958 1486 1102 1609 gens
1124 1435 1300 1583 milla,
1329 1437 1525 1573 coloni
1689 1368 1695 1381 Ι

158 1698 432 1829 Verfibus
453 1696 725 1826 incomtis
747 1690 980 1840 ludunt,
1009 1698 1236 1866 risuque
1257 1693 1444 1822 soluto
1454 1757 1474 1846 ς

160 1965 402 2127 Oraque
426 1951 736 2082 corticibus
758 1953 994 2129 sumunt
1015 1952 1309 2081 horrenda
1331 1952 1572 2081 cavatis:

160 2219 239 2341 Et
260 2248 337 2359 te,
365 2212 610 2366 Bacche,
639 2243 855 2338 vocant
876 2259 981 2383 per
1004 2213 1258 2337 carmina
1279 2210 1448 2354 laeta,
1476 2207 1711 2376 tibique

158 2470 369 2600 Oscilla
393 2519 468 2597 ex
491 2466 981 2639 altasuspendunt
1002 2469 1199 2596 mollia
1221 2469 1387 2642 pinu.-

157 2728 318 2857 Hinc
341 2727 531 2852 omnis
554 2724 713 2896 largo
735 2725 998 2898 pubescit
1019 2723 1187 2854 vinea
1209 2723 1399 2852 foetur

159 2926 555 3158 Complentur
576 2981 868 3152 vallesque
892 2978 1066 3108 carae
1088 2983 1375 3152 saltusque
1397 2973 1696 3155 profundi,

155 3245 235 3368 Et
259 3287 636 3411 quocumque
661 3245 830 3369 Deus
852 3240 1069 3365 circum
1091 3271 1270 3411 caput
1292 3239 1410 3409 egit
1431 3198 1757 3365 honestum.

156 3500 316 3671 Ergo
338 3498 447 3625 rite
467 3497 634 3623 suum
657 3495 891 3625 Baccho
917 3494 1178 3624 dicemus
1201 3496 1489 3624 honorem

157 3753 531 3885 Carminibus
554 3755 769 3928 patriis,
796 3754 1106 3925 lancesque
1128 3785 1189 3882 et
1209 3753 1327 3882 liba
1350 3751 1633 3906 feremus3·

155 4019 236 4141 Et
259 4012 475 4141 ductus
495 4055 679 4140 cornu
700 4011 871 4141 stabit
891 4014 1045 4140 sacer
1066 4011 1260 4139 hircus
1283 4007 1362 4137 ad
1384 4056 1560 4155 aram,

158 4269 521 4442 Pinguiaque
542 4269 605 4393 in
627 4267 858 4396 veribus
881 4268 1229 4396 torrebimus
1251 4300 1387 4395 exta
1408 4256 1675 4393 colurnis.

156 4530 258 4657 nst
280 4526 454 4656 eum
478 4524 578 4652 ure·
595 4523 761 4654 uuor
784 4525 1053 4655 cumam
1075 4492 1289 4653 susus
1313 4521 1472 4667 uter,
1658 4594 1661 4599 -
1810 4506 1814 4579 ³

157 4787 275 4917 Cui
292 4830 617 4954 numquam
633 4785 898 4911 exhausti
906 4783 1033 4912 satis
1042 4786 1154 4911 est:
1178 4820 1438 4950 namque
1457 4818 1636 4909 omne
1650 4812 1797 4949 quot
1813 4775 1974 4910 annis

153 5046 395 5213 Terque
419 5074 740 5211 quaterque
761 5040 952 5168 solum
965 5038 1365 5180 scindendum,
1393 5037 1680 5209 glebaque
1701 5042 1871 5166 verfis

155 5309 491 5431 Aeternum
514 5295 835 5470 frangenda
857 5295 1193 5426 bidentibus
1201 5344 1221 5423 ‚z
1257 5343 1435 5423 omne
1456 5293 1773 5423 levandum
1857 5306 1864 5319 '

153 5556 392 5687 Fronde
412 5598 645 5708 nemus;
676 5555 825 5684 redit
846 5554 1104 5728 agricolis
1126 5553 1477 5683 laborzactus
1499 5553 1562 5682 in
1585 5557 1817 5701 orbems

154 5823 365 5987 Atque
388 5813 527 5943 infe
546 5810 645 5941 sua
665 5860 771 5988 per
788 5815 1030 5986 vestigia-
1048 5812 1304 5940 volvitur
1322 5858 1526 5940 annue.

154 6080 256 6200 Ac
270 6070 394 6249 jam
417 6072 560 6199 olim
578 6074 729 6201 seras.
747 6073 1143 6246 posuitquum
1161 6075 1331 6200 vinea
1345 6065 1595 6217 frondis,
1635 6235 1638 6245 ‚

152 6328 420 6501 Frigidus
444 6365 503 6458 et
524 6329 670 6457 silvis
692 6329 922 6503 Aquilo
944 6316 1181 6511 decuffit
1203 6330 1543 6503 honorems.

153 6590 292 6753 Jam
316 6621 448 6716 tum
472 6635 602 6718 acer
625 6634 795 6718 curas·
810 6590 1143 6719 uenientem
1168 6586 1435 6717 extendit
1458 6588 1519 6715 in
1542 6624 1785 6714 annum·-

153 6844 456 6993 Rusticus.
472 6882 534 6978 et
555 6896 734 6980 curro
761 6850 997 6979 Saturni
1016 6845 1201 6978 dente.
1215 6846 1473 6976 relictam
1485 6962 1496 6971 ..
