5074 8524
677 900 801 1024 104
930 855 1419 984 GEORG.
1506 854 1745 980 LIB.
1818 854 1926 981 ΙΙΙ,
2013 901 2246 1031 v.223.

669 1153 830 1276 Cum
850 1145 1089 1319 gemitu
1132 1140 1411 1269 Reboant
1430 1140 1718 1310 silvaeque
1742 1174 1802 1268 et
1824 1139 2036 1314 longus
2063 1146 2341 1325 Olympus.

656 1405 802 1530 Nec
825 1450 953 1529 mos
977 1400 1241 1529 bellantis
1265 1446 1386 1526 una
1408 1397 1718 1526 stabulare:
1758 1400 1857 1526 sed
1880 1399 2024 1528 alter

667 1661 874 1786 Victus
897 1657 1034 1803 abit,
1062 1658 1354 1827 longeque
1376 1656 1586 1825 ignotis
1610 1655 1828 1791 exsulat
1850 1658 1989 1807 oris;

669 1913 864 2043 Multa
885 1960 1139 2087 gemens,
1167 1912 1563 2082 ignominiam,
1592 1912 1905 2083 plagasque
1926 1915 2158 2086 superbi

629 2284 634 2297 .
670 2173 948 2324 Victoris;
987 2204 1134 2316 turn,
1164 2215 1311 2339 quos
1334 2172 1517 2297 amisit
1539 2170 1776 2315 inultus,
1804 2202 2030 2300 amores
2040 2244 2057 2325 ς

670 2436 749 2558 Et
769 2428 989 2557 stabula
1012 2427 1347 2600 adspectans
1370 2430 1557 2598 regnis
1581 2421 1811 2555 excelsrt
1834 2431 2014 2559 avitia.

669 2693 828 2861 Ergo
852 2686 1017 2813 omni
1040 2731 1176 2811 cura
1196 2685 1345 2810 vires
1370 2717 1616 2829 exercet,
1646 2716 1705 2812 et
1727 2684 1878 2813 inter
1983 2727 1987 2735 ’

673 2951 840 3075 Dura
856 2945 1012 3117 jacet
1033 2989 1260 3114 pernox
1281 2942 1518 3069 instrato
1541 2943 1676 3069 saxa
1699 2942 1892 3087 cubili,

669 3199 1000 3328 Frondibus
1024 3198 1247 3327 hirsutis
1269 3231 1329 3325 et
1353 3199 1536 3326 carice
1559 3202 1752 3371 pastus
1776 3233 1973 3329 acuta:

596 3516 600 3523 ·
673 3462 752 3586 Et
775 3488 961 3586 tentat
982 3458 1108 3601 sese,
1138 3486 1312 3624 atque
1334 3455 1493 3583 irasci
1514 3457 1576 3584 in
1599 3502 1816 3583 cornua
1840 3455 1999 3587 discit

671 3713 922 3842 Arboris
945 3690 1197 3841 obnixus
1219 3745 1460 3840 trunco:
1498 3744 1821 3882 ventosque
1844 3710 2056 3844 lacessit

672 3970 909 4115 Ictibus,
939 4001 998 4096 et
1018 3972 1201 4144 sparsa
1224 3967 1301 4096 ad
1321 4015 1582 4140 pugnam
1606 3969 1865 4139 proludit
1886 4018 2079 4101 arena.

672 4230 826 4371 Post,
853 4226 957 4353 ubi
980 4226 1309 4373 conlectum
1331 4225 1526 4371 robur,
1553 4228 1818 4394 viresque
1841 4224 2114 4372 refectae,

676 4487 859 4654 Signa¹
875 4515 1089 4626 movet,
1118 4512 1512 4654 praecepsque
1534 4481 1784 4611 oblitum
1808 4480 1988 4613 fertur
2007 4485 2070 4613 in
2095 4481 2316 4613 hostem:

672 4740 912 4868 Fluctus
936 4771 1021 4883 ut,
1047 4738 1110 4863 in
1132 4738 1327 4866 medio
1354 4738 1548 4910 eoepit
1571 4786 1755 4909 quum
1780 4739 2058 4873 albescere
2081 4768 2270 4917 ponto.

671 4996 954 5167 Longius,
983 5043 1058 5123 ex
1080 4996 1314 5165 altoque
1335 4998 1523 5125 smum
1545 4997 1747 5148 namt,
1782 5030 1967 5167 utque
1987 4999 2216 5131 volutus

674 5251 784 5382 Ad
806 5286 999 5397 terras,
1026 5254 1282 5379 immane
1303 5255 1469 5380 sonat
1489 5299 1596 5426 per
1616 5255 1767 5397 saxa,
1794 5300 1988 5423 neque
2009 5259 2134 5428 ipso

672 5513 889 5636 Monte
912 5510 1105 5635 minor
1126 5508 1491 5681 procumbit:
1531 5543 1592 5636 at
1613 5512 1730 5641 ima
1754 5514 2046 5644 exaestuat
2067 5506 2221 5641 unda

673 5765 1022 5910 Verticibus,
1049 5766 1388 5936 nigramque
1412 5766 1526 5897 alte
1546 5767 1824 5944 subjectat
1847 5816 2098 5899 arenam.

674 6031 876 6152 Omne
900 6021 1050 6149 adeo
1073 6069 1255 6193 genus
1277 6024 1339 6151 in
1359 6026 1521 6155 terris
1544 6025 1973 6195 hominumque
1998 6024 2336 6181 ferarumqus

676 6283 756 6406 Et
777 6326 957 6450 genus
980 6322 1350 6450 aequoreum,
1380 6280 1651 6452 pecudes,
1681 6282 1986 6454 pictaeque
2008 6285 2269 6411 volucres,

675 6537 749 6662 In
772 6532 945 6664 furias
967 6538 1278 6707 ignemque
1300 6571 1494 6667 ruunt.
1540 6545 1737 6666 Amor
1758 6539 2030 6671 omnibus
2053 6542 2220 6677 idem·

677 6793 978 6969 Tempore
1000 6839 1124 6920 non
1146 6795 1258 6922 alio
1279 6792 1602 6920 catulorum
1625 6794 1804 6923 oblita
1827 6797 2027 6927 leaena
