5202 8512
390 1160 1118 1287 ECLOGA
1229 1163 1921 1295 S'EXTA.''

557 1665 1642 1850 s'ILENUS.

196 2189 508 2313 PRIMA
541 2186 840 2356 Syracosio
863 2184 1099 2354 dignata
1122 2188 1204 2310 est
1224 2185 1424 2316 ludere
1443 2193 1609 2317 versu

196 2445 423 2588 Nostra,
451 2444 643 2611 neque
667 2440 897 2568 erubuit
918 2439 1079 2569 silvas
1101 2442 1379 2588 habitare,
1409 2443 1635 2571 Thalia.

197 2708 407 2873 Qrum
431 2743 697 2825 canerem
719 2738 879 2870 reges
904 2731 964 2824 et
977 2698 1220 2869 proelia,
1250 2700 1544 2872 Cynthius
1568 2720 1769 2831 aurem
2006 2726 2011 2733 ’

193 2957 391 3099 Vellit,
418 2989 480 3081 et
502 2954 831 3080 admonuit:
874 2958 1186 3099 Pastorem,
1214 2959 1439 3127 Tityre,
1467 2959 1699 3129 pinguis

196 3217 428 3340 Pascere
451 3243 686 3384 oportet
708 3212 847 3355 ovis,
877 3203 1202 3339 deductum
1224 3212 1414 3340 dicere
1437 3196 1710 3341 carmen(

197 3477 375 3597 Nune
399 3489 508 3642 'ego
540 3475 813 3634 (namque
834 3470 1003 3640 super
1024 3467 1130 3595 tibi
1152 3504 1338 3616 erunt,
1368 3471 1470 3637 qui
1493 3468 1682 3599 dicere
1703 3469 1922 3616 laudes,

193 3733 366 3871 Vare,
393 3758 522 3854 tuas
546 3725 802 3895 cupiant,
829 3730 892 3853 et
911 3726 1085 3852 tristia
1103 3726 1354 3854 condere
1377 3725 1545 3892 bella)

196 3986 502 4153 Agrestem
524 3983 688 4108 tenui
712 3981 1039 4110 meditabor
1059 3984 1340 4112 arundine
1363 3987 1612 4112 Musam.

198 4244 343 4365 Non
364 4234 565 4412 injussa
588 4283 751 4362 cano.
786 4240 831 4362 sr
852 4238 980 4407 quis
1004 4270 1204 4365 tamen
1225 4239 1371 4366 haec
1395 4285 1648 4407 quoque,
1677 4245 1873 4410 srquis'

198 4500 424 4667 Captus
448 4538 645 4619 amore
666 4492 847 4663 leget3
886 4526 947 4619 te
969 4493 1210 4639 nostrae,
1237 4499 1409 4639 Vare,
1436 4474 1725 4667 myricae,¹
1870 4582 1878 4599 ·
2008 4514 2012 4523 '

196 4757 289 4877 Te
312 4796 519 4877 nemus
541 4794 719 4876 omne
740 4782 941 4876 canet:
980 4780 1092 4876 nec
1115 4749 1360 4879 Phoebo
1382 4754 1595 4923 gratior
1616 4752 1734 4881 ulla
1756 4758 1854 4902 est,
1936 4914 1944 4931 ,

196 5012 401 5177 Qum
421 5005 524 5133 fibi
548 5051 698 5177 quae
717 5007 862 5131 Vari
882 5007 1232 5177 praescripsrt
1251 5010 1465 5178 pagina
1481 5053 1718 5139 nomen

197 5264 443 5433 Pergite,
472 5261 741 5390 Pierides.
787 5259 1063 5389 Chromis
1084 5295 1145 5390 et
1164 5262 1462 5436 Mnasylus
1483 5267 1548 5391 in
1568 5301 1735 5394 antro

198 5518 456 5646 Silenum
479 5516 644 5691 pueri
666 5518 868 5651 somno
891 5517 1087 5646 videre
1102 5521 1413 5694 jacentem,

198 5774 472 5902 Inflatum
493 5772 759 5903 hesterno
773 5772 976 5921 uenas,
1004 5807 1072 5904 ut
1092 5777 1332 5949 semper,
1359 5726 1600 5908 laccho}

106 6210 108 6219 A
199 6038 360 6159 Serta
381 6031 588 6203 procul
609 6065 838 6163 tantum
864 6034 1037 6205 capiti
1060 6032 1288 6207 delapsa
1301 6035 1605 6209 jacebant:
1840 6054 1845 6063 '
1901 6053 1909 6063 '

198 6295 275 6415 Et
295 6290 479 6459 gravis
505 6288 712 6418 adtrita
735 6288 1032 6463 pendebat
1055 6291 1364 6420 cantharus
1385 6295 1535 6419 ansa.

197 6540 467 6716 Adgreffi
497 6553 653 6710 (nam
675 6551 840 6719 saepe
862 6549 1035 6673 senex
1057 6551 1156 6719 spe
1179 6549 1444 6675 carminisv
1469 6547 1649 6681 ambo

197 6804 453 6967 Luserat)
486 6803 748 6978 injiciunt
770 6806 903 6978 ipsrs
924 6852 1000 6932 ex
1020 6805 1253 6934 vincula
1273 6804 1446 6935 sertis.

1078 7065 1119 7145 o
