<?xml version="1.0" encoding="UTF-8"?>
<!DOCTYPE html PUBLIC "-//W3C//DTD XHTML 1.0 Transitional//EN"
    "http://www.w3.org/TR/xhtml1/DTD/xhtml1-transitional.dtd">
<html xmlns="http://www.w3.org/1999/xhtml" xml:lang="en" lang="en">
 <head>
  <title>
</title>
<meta http-equiv="Content-Type" content="text/html;charset=utf-8" />
  <meta name='ocr-system' content='tesseract 3.04.00' />
  <meta name='ocr-capabilities' content='ocr_page ocr_carea ocr_par ocr_line ocrx_word'/>
</head>
<body>
  <div class='ocr_page' id='page_1' title='image "./publiivergiliim00burmgoog_0092.png"; bbox 0 0 5106 8526; ppageno 0'>
   <div class='ocr_carea' id='block_1_1' title="bbox 262 1068 1889 1389">
    <p class='ocr_par' dir='ltr' id='par_1_1' title="bbox 262 1052 1889 1390">
     <span class='ocr_line' id='line_1_1' title="bbox 262 1068 1889 1389; baseline 0.002 -35"><span class='ocrx_word' id='word_1_1' title='bbox 262 1164 722 1354; x_wconf 74' lang='lat' dir='ltr'>auur</span> <span class='ocrx_word' id='word_1_2' title='bbox 773 1162 909 1353; x_wconf 90' lang='lat'>11</span> <span class='ocrx_word' id='word_1_3' title='bbox 996 1070 1459 1351; x_wconf 73' lang='lat' dir='ltr'>vrso</span> <span class='ocrx_word' id='word_1_4' title='bbox 1511 1068 1889 1389; x_wconf 82' lang='lat' dir='ltr'>1Ltt</span> 
     </span>
    </p>
   </div>
   <div class='ocr_carea' id='block_1_2' title="bbox 589 1612 1518 1821">
    <p class='ocr_par' dir='ltr' id='par_1_2' title="bbox 589 1612 1518 1821">
     <span class='ocr_line' id='line_1_2' title="bbox 589 1612 1518 1821; baseline -0.004 0"><span class='ocrx_word' id='word_1_5' title='bbox 589 1612 1518 1821; x_wconf 60' lang='lat' dir='ltr'>nunonis</span> 
     </span>
    </p>
   </div>
   <div class='ocr_carea' id='block_1_3' title="bbox 188 2167 1925 2415">
    <p class='ocr_par' dir='ltr' id='par_1_3' title="bbox 188 2167 1925 2513">
     <span class='ocr_line' id='line_1_3' title="bbox 188 2167 1925 2415; baseline -0.003 -12"><span class='ocrx_word' id='word_1_6' title='bbox 188 2167 1925 2415; x_wconf 70' lang='lat' dir='ltr'>Aruernos</span> 
     </span>
    </p>
   </div>
   <div class='ocr_carea' id='block_1_4' title="bbox 5 3160 1923 6765">
    <p class='ocr_par' dir='ltr' id='par_1_4' title="bbox 125 3160 1923 5724">
     <span class='ocr_line' id='line_1_4' title="bbox 140 3160 1923 3415; baseline 0.006 -55"><span class='ocrx_word' id='word_1_7' title='bbox 140 3236 683 3409; x_wconf 70' lang='lat' dir='ltr'>POSTQUAM</span> <span class='ocrx_word' id='word_1_8' title='bbox 709 3284 799 3364; x_wconf 94' lang='lat' dir='ltr'>res</span> <span class='ocrx_word' id='word_1_9' title='bbox 824 3239 1018 3381; x_wconf 85' lang='lat' dir='ltr'>Afrae,</span> <span class='ocrx_word' id='word_1_10' title='bbox 1049 3240 1383 3407; x_wconf 84' lang='lat' dir='ltr'>Priamique</span> <span class='ocrx_word' id='word_1_11' title='bbox 1405 3268 1662 3368; x_wconf 87' lang='lat' dir='ltr'>evertere</span> <span class='ocrx_word' id='word_1_12' title='bbox 1683 3160 1923 3415; x_wconf 82' lang='lat' dir='ltr'>gentem</span> 
     </span>
     <span class='ocr_line' id='line_1_5' title="bbox 134 3468 1652 3671; baseline 0.003 -52"><span class='ocrx_word' id='word_1_13' title='bbox 134 3468 478 3620; x_wconf 77' lang='lat' dir='ltr'>inmeritam</span> <span class='ocrx_word' id='word_1_14' title='bbox 501 3494 683 3621; x_wconf 85' lang='lat' dir='ltr'>visum</span> <span class='ocrx_word' id='word_1_15' title='bbox 708 3494 959 3665; x_wconf 88' lang='lat' dir='ltr'><strong>Superis,</strong></span> <span class='ocrx_word' id='word_1_16' title='bbox 989 3492 1314 3665; x_wconf 88' lang='lat' dir='ltr'>ceciditque</span> <span class='ocrx_word' id='word_1_17' title='bbox 1336 3494 1652 3671; x_wconf 88' lang='lat' dir='ltr'>superbum</span> 
     </span>
     <span class='ocr_line' id='line_1_6' title="bbox 134 3722 1613 3926; baseline 0.003 -50"><span class='ocrx_word' id='word_1_18' title='bbox 134 3750 330 3893; x_wconf 91' lang='lat' dir='ltr'>Ilium,</span> <span class='ocrx_word' id='word_1_19' title='bbox 359 3722 419 3877; x_wconf 89' lang='lat' dir='ltr'>et</span> <span class='ocrx_word' id='word_1_20' title='bbox 440 3752 631 3878; x_wconf 92' lang='lat' dir='ltr'>omnis</span> <span class='ocrx_word' id='word_1_21' title='bbox 652 3749 841 3877; x_wconf 94' lang='lat' dir='ltr'>humo</span> <span class='ocrx_word' id='word_1_22' title='bbox 864 3749 1054 3879; x_wconf 83' lang='lat' dir='ltr'>fumat</span> <span class='ocrx_word' id='word_1_23' title='bbox 1076 3752 1385 3924; x_wconf 85' lang='lat' dir='ltr'>Neptunia</span> <span class='ocrx_word' id='word_1_24' title='bbox 1403 3752 1613 3926; x_wconf 78' lang='lat' dir='ltr'>Troja;</span> 
     </span>
     <span class='ocr_line' id='line_1_7' title="bbox 132 3964 1791 4181; baseline 0.005 -46"><span class='ocrx_word' id='word_1_25' title='bbox 132 4006 377 4135; x_wconf 81' lang='lat' dir='ltr'>Diversa</span> <span class='ocrx_word' id='word_1_26' title='bbox 397 4005 604 4152; x_wconf 81' lang='lat' dir='ltr'>exfflia,</span> <span class='ocrx_word' id='word_1_27' title='bbox 631 4041 693 4136; x_wconf 92' lang='lat' dir='ltr'>et</span> <span class='ocrx_word' id='word_1_28' title='bbox 715 4005 961 4135; x_wconf 88' lang='lat' dir='ltr'>desertas</span> <span class='ocrx_word' id='word_1_29' title='bbox 983 3964 1259 4177; x_wconf 80' lang='lat' dir='ltr'>quaerere</span> <span class='ocrx_word' id='word_1_30' title='bbox 1281 4040 1460 4137; x_wconf 87' lang='lat' dir='ltr'>terras</span> <span class='ocrx_word' id='word_1_31' title='bbox 1719 4174 1723 4181; x_wconf 15' lang='lat'><strong><em>¹</em></strong></span> <span class='ocrx_word' id='word_1_32' title='bbox 1785 4128 1791 4143; x_wconf 84' lang='lat'><em>.</em></span> 
     </span>
     <span class='ocr_line' id='line_1_8' title="bbox 129 4261 1574 4440; baseline 0.002 -48"><span class='ocrx_word' id='word_1_33' title='bbox 129 4265 416 4433; x_wconf 86' lang='lat' dir='ltr'>Auguriis</span> <span class='ocrx_word' id='word_1_34' title='bbox 440 4264 667 4439; x_wconf 87' lang='lat' dir='ltr'>agimur</span> <span class='ocrx_word' id='word_1_35' title='bbox 689 4265 930 4408; x_wconf 87' lang='lat' dir='ltr'>Divom,</span> <span class='ocrx_word' id='word_1_36' title='bbox 959 4261 1303 4435; x_wconf 69' lang='lat' dir='ltr'>classemque</span> <span class='ocrx_word' id='word_1_37' title='bbox 1324 4265 1432 4394; x_wconf 88' lang='lat' dir='ltr'>sub</span> <span class='ocrx_word' id='word_1_38' title='bbox 1453 4266 1574 4440; x_wconf 85' lang='lat' dir='ltr'>ipsa</span> 
     </span>
     <span class='ocr_line' id='line_1_9' title="bbox 129 4518 1892 4695; baseline 0.004 -49"><span class='ocrx_word' id='word_1_39' title='bbox 129 4518 456 4648; x_wconf 82' lang='lat' dir='ltr'>Antandro</span> <span class='ocrx_word' id='word_1_40' title='bbox 479 4557 540 4651; x_wconf 88' lang='lat' dir='ltr'>et</span> <span class='ocrx_word' id='word_1_41' title='bbox 563 4521 853 4695; x_wconf 82' lang='lat' dir='ltr'>Phrygiae</span> <span class='ocrx_word' id='word_1_42' title='bbox 875 4521 1154 4649; x_wconf 88' lang='lat' dir='ltr'>molimur</span> <span class='ocrx_word' id='word_1_43' title='bbox 1175 4520 1478 4653; x_wconf 89' lang='lat' dir='ltr'>montibus</span> <span class='ocrx_word' id='word_1_44' title='bbox 1502 4522 1671 4680; x_wconf 76' lang='lat' dir='ltr'>Idae3</span> <span class='ocrx_word' id='word_1_45' title='bbox 1885 4648 1892 4653; x_wconf 80' lang='grc'><strong>,</strong></span> 
     </span>
     <span class='ocr_line' id='line_1_10' title="bbox 129 4761 1426 4946; baseline 0.005 -46"><span class='ocrx_word' id='word_1_46' title='bbox 129 4761 347 4905; x_wconf 83' lang='lat' dir='ltr'>Incerti</span> <span class='ocrx_word' id='word_1_47' title='bbox 367 4823 487 4946; x_wconf 92' lang='lat' dir='ltr'>quo</span> <span class='ocrx_word' id='word_1_48' title='bbox 511 4776 629 4907; x_wconf 85' lang='lat' dir='ltr'>fata</span> <span class='ocrx_word' id='word_1_49' title='bbox 651 4777 856 4925; x_wconf 87' lang='lat' dir='ltr'>ferant,</span> <span class='ocrx_word' id='word_1_50' title='bbox 883 4777 989 4908; x_wconf 95' lang='lat' dir='ltr'>ubi</span> <span class='ocrx_word' id='word_1_51' title='bbox 1011 4781 1198 4909; x_wconf 89' lang='lat' dir='ltr'>srstere</span> <span class='ocrx_word' id='word_1_52' title='bbox 1222 4777 1393 4908; x_wconf 88' lang='lat' dir='ltr'>detur</span> <span class='ocrx_word' id='word_1_53' title='bbox 1403 4853 1426 4930; x_wconf 65' lang='lat' dir='ltr'>s,</span> 
     </span>
     <span class='ocr_line' id='line_1_11' title="bbox 130 4987 1899 5209; baseline 0.002 -45"><span class='ocrx_word' id='word_1_54' title='bbox 130 5034 670 5205; x_wconf 90' lang='lat' dir='ltr'>Contrahimusque</span> <span class='ocrx_word' id='word_1_55' title='bbox 693 5038 860 5163; x_wconf 89' lang='lat' dir='ltr'>viros.</span> <span class='ocrx_word' id='word_1_56' title='bbox 902 5035 1026 5160; x_wconf 84' lang='lat' dir='ltr'>Vix</span> <span class='ocrx_word' id='word_1_57' title='bbox 1048 4987 1236 5207; x_wconf 85' lang='lat' dir='ltr'>prima</span> <span class='ocrx_word' id='word_1_58' title='bbox 1258 5035 1556 5209; x_wconf 87' lang='lat' dir='ltr'>inceperat</span> <span class='ocrx_word' id='word_1_59' title='bbox 1576 5037 1752 5167; x_wconf 87' lang='lat' dir='ltr'>aestas</span> <span class='ocrx_word' id='word_1_60' title='bbox 1759 5111 1780 5199; x_wconf 79' lang='lat'>3</span> <span class='ocrx_word' id='word_1_61' title='bbox 1896 5162 1899 5167; x_wconf 19' lang='lat'><strong>⁴</strong></span> 
     </span>
     <span class='ocr_line' id='line_1_12' title="bbox 130 5234 1462 5465; baseline -0.002 -45"><span class='ocrx_word' id='word_1_62' title='bbox 130 5301 213 5420; x_wconf 92' lang='lat' dir='ltr'>Et</span> <span class='ocrx_word' id='word_1_63' title='bbox 235 5324 402 5465; x_wconf 85' lang='lat' dir='ltr'>pater</span> <span class='ocrx_word' id='word_1_64' title='bbox 424 5291 710 5421; x_wconf 86' lang='lat' dir='ltr'>Anchises</span> <span class='ocrx_word' id='word_1_65' title='bbox 734 5293 869 5421; x_wconf 88' lang='lat' dir='ltr'>dare</span> <span class='ocrx_word' id='word_1_66' title='bbox 891 5289 1021 5418; x_wconf 87' lang='lat' dir='ltr'>fatis</span> <span class='ocrx_word' id='word_1_67' title='bbox 1044 5234 1172 5419; x_wconf 77' lang='lat' dir='ltr'>vela</span> <span class='ocrx_word' id='word_1_68' title='bbox 1187 5290 1462 5464; x_wconf 88' lang='lat' dir='ltr'>jubebat:</span> 
     </span>
     <span class='ocr_line' id='line_1_13' title="bbox 125 5549 1765 5724; baseline 0.002 -47"><span class='ocrx_word' id='word_1_69' title='bbox 125 5553 334 5677; x_wconf 89' lang='lat' dir='ltr'>Litora</span> <span class='ocrx_word' id='word_1_70' title='bbox 356 5597 542 5722; x_wconf 92' lang='lat' dir='ltr'>quum</span> <span class='ocrx_word' id='word_1_71' title='bbox 564 5551 783 5724; x_wconf 82' lang='lat' dir='ltr'>patriae</span> <span class='ocrx_word' id='word_1_72' title='bbox 804 5549 1110 5678; x_wconf 87' lang='lat' dir='ltr'>lacrimans</span> <span class='ocrx_word' id='word_1_73' title='bbox 1132 5582 1455 5723; x_wconf 90' lang='lat' dir='ltr'>portusque</span> <span class='ocrx_word' id='word_1_74' title='bbox 1481 5550 1765 5724; x_wconf 90' lang='lat' dir='ltr'>relinquo,</span> 
     </span>
    </p>

    <p class='ocr_par' dir='ltr' id='par_1_5' title="bbox 5 5758 1844 6240">
     <span class='ocr_line' id='line_1_14' title="bbox 123 5758 1844 5982; baseline 0.002 -49"><span class='ocrx_word' id='word_1_75' title='bbox 123 5813 209 5935; x_wconf 89' lang='lat' dir='ltr'>Et</span> <span class='ocrx_word' id='word_1_76' title='bbox 231 5855 469 5979; x_wconf 87' lang='lat' dir='ltr'>campos</span> <span class='ocrx_word' id='word_1_77' title='bbox 492 5807 597 5934; x_wconf 90' lang='lat' dir='ltr'>ubi</span> <span class='ocrx_word' id='word_1_78' title='bbox 621 5809 803 5982; x_wconf 86' lang='lat' dir='ltr'>Troja</span> <span class='ocrx_word' id='word_1_79' title='bbox 823 5758 949 5934; x_wconf 76' lang='lat' dir='ltr'>fuir</span> <span class='ocrx_word' id='word_1_80' title='bbox 995 5811 1173 5934; x_wconf 85' lang='lat' dir='ltr'>Feror</span> <span class='ocrx_word' id='word_1_81' title='bbox 1196 5807 1354 5936; x_wconf 84' lang='lat' dir='ltr'>exsul</span> <span class='ocrx_word' id='word_1_82' title='bbox 1376 5808 1438 5933; x_wconf 93' lang='lat' dir='ltr'>in</span> <span class='ocrx_word' id='word_1_83' title='bbox 1461 5809 1646 5936; x_wconf 84' lang='lat' dir='ltr'>altum</span> <span class='ocrx_word' id='word_1_84' title='bbox 1841 5910 1844 5919; x_wconf 85' lang='lat'>.</span> 
     </span>
     <span class='ocr_line' id='line_1_15' title="bbox 5 5996 1655 6240; baseline 0.001 -47"><span class='ocrx_word' id='word_1_85' title='bbox 5 5996 9 6003; x_wconf 89' lang='lat'><em>-</em></span> <span class='ocrx_word' id='word_1_86' title='bbox 128 6069 291 6193; x_wconf 84' lang='lat' dir='ltr'>Cum</span> <span class='ocrx_word' id='word_1_87' title='bbox 314 6050 489 6209; x_wconf 89' lang='lat' dir='ltr'>sociis,</span> <span class='ocrx_word' id='word_1_88' title='bbox 516 6098 792 6240; x_wconf 88' lang='lat' dir='ltr'>natoque,</span> <span class='ocrx_word' id='word_1_89' title='bbox 822 6062 1157 6212; x_wconf 87' lang='lat' dir='ltr'>Penatibus,</span> <span class='ocrx_word' id='word_1_90' title='bbox 1185 6098 1246 6193; x_wconf 92' lang='lat' dir='ltr'>et</span> <span class='ocrx_word' id='word_1_91' title='bbox 1268 6066 1491 6237; x_wconf 86' lang='lat' dir='ltr'>magnis</span> <span class='ocrx_word' id='word_1_92' title='bbox 1517 6071 1655 6196; x_wconf 81' lang='lat' dir='ltr'>Dls.</span> 
     </span>
    </p>

    <p class='ocr_par' dir='ltr' id='par_1_6' title="bbox 129 6323 1675 6765">
     <span class='ocr_line' id='line_1_16' title="bbox 219 6323 1635 6496; baseline 0.003 -49"><span class='ocrx_word' id='word_1_93' title='bbox 219 6326 402 6449; x_wconf 90' lang='lat' dir='ltr'>Terra</span> <span class='ocrx_word' id='word_1_94' title='bbox 425 6323 631 6494; x_wconf 89' lang='lat' dir='ltr'>procul</span> <span class='ocrx_word' id='word_1_95' title='bbox 654 6325 821 6451; x_wconf 87' lang='lat' dir='ltr'>vastis</span> <span class='ocrx_word' id='word_1_96' title='bbox 846 6323 1056 6450; x_wconf 88' lang='lat' dir='ltr'>colitur</span> <span class='ocrx_word' id='word_1_97' title='bbox 1078 6323 1372 6450; x_wconf 88' lang='lat' dir='ltr'>Mavortia</span> <span class='ocrx_word' id='word_1_98' title='bbox 1394 6324 1635 6496; x_wconf 84' lang='lat' dir='ltr'>campis,</span> 
     </span>
     <span class='ocr_line' id='line_1_17' title="bbox 129 6578 1675 6765; baseline 0.003 -64"><span class='ocrx_word' id='word_1_99' title='bbox 129 6578 413 6739; x_wconf 89' lang='lat' dir='ltr'>(Thraces</span> <span class='ocrx_word' id='word_1_100' title='bbox 437 6589 619 6765; x_wconf 84' lang='lat' dir='ltr'>arant)</span> <span class='ocrx_word' id='word_1_101' title='bbox 651 6582 766 6707; x_wconf 86' lang='lat' dir='ltr'>acri</span> <span class='ocrx_word' id='word_1_102' title='bbox 789 6579 1091 6751; x_wconf 89' lang='lat' dir='ltr'>quondam</span> <span class='ocrx_word' id='word_1_103' title='bbox 1114 6611 1351 6751; x_wconf 86' lang='lat' dir='ltr'>regnata</span> <span class='ocrx_word' id='word_1_104' title='bbox 1374 6588 1650 6754; x_wconf 86' lang='lat' dir='ltr'>Lycurgo</span> <span class='ocrx_word' id='word_1_105' title='bbox 1657 6651 1675 6736; x_wconf 81' lang='lat'><em>3</em></span> 
     </span>
    </p>
   </div>
   <div class='ocr_carea' id='block_1_5' title="bbox 124 6836 1614 7013">
    <p class='ocr_par' dir='ltr' id='par_1_7' title="bbox 124 6826 1614 7013">
     <span class='ocr_line' id='line_1_18' title="bbox 124 6836 1614 7013; baseline 0.005 -52"><span class='ocrx_word' id='word_1_106' title='bbox 124 6836 464 7008; x_wconf 88' lang='lat' dir='ltr'>Hospitium</span> <span class='ocrx_word' id='word_1_107' title='bbox 489 6841 793 7008; x_wconf 88' lang='lat' dir='ltr'>antiquum</span> <span class='ocrx_word' id='word_1_108' title='bbox 818 6841 1048 7013; x_wconf 85' lang='lat' dir='ltr'>Trojae,</span> <span class='ocrx_word' id='word_1_109' title='bbox 1076 6836 1326 7010; x_wconf 89' lang='lat' dir='ltr'>sociique</span> <span class='ocrx_word' id='word_1_110' title='bbox 1350 6845 1614 6981; x_wconf 87' lang='lat' dir='ltr'>Penates,</span> 
     </span>
    </p>
   </div>
   <div class='ocr_carea' id='block_1_6' title="bbox 0 0 2563 8516">
    <p class='ocr_par' dir='ltr' id='par_1_8' title="bbox 0 0 2563 8516">
     <span class='ocr_line' id='line_1_19' title="bbox 0 0 2563 8516; baseline 0 0"><span class='ocrx_word' id='word_1_111' title='bbox 0 0 2563 8516; x_wconf 95' lang='lat' dir='ltr'> </span> 
     </span>
    </p>
   </div>
  </div>
 </body>
</html>
