5106 8526
595 914 733 1049 230·
856 872 2145 1040 a·ENE1D08L113.111.v.3384

591 1172 727 1292 Aut
749 1147 1008 1331 quisnam
1032 1161 1300 1330 ignarum*
1319 1159 1520 1284 nostris
1546 1157 1688 1285 deus
1714 1156 1938 1331 adpulit
1961 1160 2106 1284 oris?

591 1420 759 1589 Qrid
782 1466 928 1591 puer
946 1419 1253 1565 Ascanius;
1285 1416 1604 1588 superatne,
1634 1449 1692 1541 et
1715 1416 1958 1542 vescitur
1980 1416 2150 1543 aura?

591 1682 793 1846 Qrem
817 1675 922 1801 tibi
939 1676 1064 1848 jam
1087 1675 1270 1848 Troja

589 1937 792 2101 Ecqua
815 1966 1013 2058 tamen
1036 1977 1222 2102 puero
1247 1933 1328 2057 est
1350 1928 1580 2056 amissae
1605 1977 1740 2056 cura
1763 1932 2048 2103 parentis?

590 2187 821 2358 Ecquid
842 2191 904 2314 in
927 2190 1228 2357 antiquam
1252 2188 1526 2315 virtutem
1550 2189 1893 2356 animosque
1915 2187 2087 2316 virilis

589 2450 669 2570 Et
689 2478 856 2619 pater
881 2430 1118 2572 Aeneas
1141 2477 1199 2570 et
1223 2445 1542 2572 avunculus
1567 2447 1781 2572 excitat
1807 2446 2060 2572 Hector?

588 2701 759 2829 Talia
782 2699 1068 2829 fundebat
1090 2701 1411 2846 lacrimans,
1439 2703 1763 2873 longosque
1788 2700 1977 2829 ciebat

589 2955 878 3084 Incassum
900 2956 1098 3085 fletus:
1144 3007 1329 3128 quum
1353 2963 1461 3087 sese
1486 3007 1519 3085 a
1544 2959 1850 3085 moenibus
1874 2958 2047 3087 heros

590 3214 907 3342 Priamides
933 3216 1127 3342 multis
1153 3217 1413 3342 Helenus
1439 3214 1855 3342 comitantibus
1881 3214 2088 3360 adfert,

588 3472 1033 3642 Adgnoscitque
1055 3473 1205 3615 suos,
1235 3473 1534 3640 laetusque
1559 3472 1634 3598 ad
1659 3472 1858 3599 limina
1881 3474 2059 3618 ducit,

589 3734 666 3856 Et
691 3729 944 3855 multum
967 3728 1226 3853 lacrimas
1250 3728 1431 3854 verba
1452 3731 1601 3854 inter
1622 3730 1839 3900 smgula
1863 3729 2073 3858 fundit.

590 3986 876 4129 Proced0,
907 4022 965 4112 et
987 4032 1226 4157 parvam
1251 3987 1511 4160 Trojam
1538 3985 1915 4156 fimulataque
1939 3989 2164 4159 magnis

588 4248 887 4414 Pergama,
918 4278 976 4369 et
1000 4275 1260 4368 arentem
1285 4242 1504 4368 Xanthi
1530 4244 1878 4413 cognomine
1901 4245 2092 4371 rivum

584 4499 921 4672 Adgnosco,
955 4506 1280 4666 Scaeaeque
1305 4498 1623 4672 amplector
1645 4501 1842 4627 limina
1865 4537 2084 4675 portae.

586 4761 716 4882 Nec
742 4804 864 4882 non
887 4786 945 4880 et
969 4755 1185 4880 Teucri
1207 4756 1353 4880 socia
1375 4755 1544 4881 simul
1566 4756 1708 4885 urbe
1733 4756 2020 4887 fruuntur.
2058 4864 2064 4871 .

584 5012 722 5140 lllos
746 5010 1064 5187 porticibus
1088 5058 1192 5138 rex
1216 5010 1544 5184 adcipiebat
1562 5015 1628 5140 in
1652 5017 1873 5189 amplis.

583 5232 767 5397 Aulai
789 5273 850 5395 in
875 5265 1072 5395 medio
1097 5264 1359 5396 libabant
1380 5269 1594 5443 pocula
1619 5273 1850 5416 Bacchi,

581 5527 849 5703 Inpofitis
873 5571 1015 5652 auro
1041 5523 1318 5695 dapibus:
1360 5561 1704 5699 paterasque
1729 5532 2024 5675 tenebant.

667 5789 924 5955 Jamque
948 5781 1088 5926 dies,
1116 5781 1377 5952 alterque
1401 5782 1522 5911 dies
1546 5783 1838 5957 proceffit:
1881 5823 1940 5915 et
1965 5836 2137 5917 aurae

579 6041 728 6168 Vela
748 6074 981 6183 vocant,
1011 6039 1359 6210 tumidoque
1380 6040 1614 6171 inflatur
1637 6042 1899 6171 carbasus
1927 6051 2134 6173 austro,

580 6300 690 6424 His
712 6331 907 6424 vatem
930 6295 1238 6469 adgredior
1261 6297 1444 6442 dictis,
1475 6345 1542 6425 ac
1566 6300 1700 6427 talia
1724 6304 1958 6469 quaeso:
2073 6443 2076 6448 ,

581 6555 935 6728 Trojugena,
962 6556 1511 6728 interpresDivom,
1541 6559 1644 6726 qui
1666 6558 1910 6686 numina
1935 6562 2180 6707 Phoebi,

581 6811 706 6982 Qri
729 6811 1004 6985 tripodas,
1032 6784 1216 6941 Clarii
1239 6811 1446 6960 lauros,
1476 6815 1578 6983 qui
1597 6814 1781 6947 fidera
1801 6817 1988 6966 sentis,
