5202 8512
517 873 1668 1047 ECLOGAIV.v.43.
1927 919 2008 1047 19

184 1164 311 1337 Ipse
332 1159 430 1288 sed
451 1162 514 1286 in
536 1160 713 1331 pratis
737 1159 878 1286 aries
894 1160 1019 1334 jam
1041 1161 1211 1288 suave
1233 1161 1467 1290 rubenti

184 1420 429 1564 Murice,
449 1420 575 1592 jam
599 1464 805 1545 croceo
830 1414 1083 1542 mutabit
1102 1417 1314 1545 vellera
1341 1418 1485 1548 lut0.

189 1684 413 1849 Sponte
434 1677 533 1801 sua
553 1672 776 1848 sandyx
798 1672 1079 1847 pascentis
1101 1675 1303 1802 vestiet
1324 1718 1524 1848 agnos.

148 1876 152 1885 Ι
186 1932 357 2060 Talia
378 1929 539 2076 secla,
566 1930 675 2057 suis
699 1930 991 2076 dixerunt,
1021 1930 1246 2076 cunite,
1275 1928 1409 2059 fusis

188 2188 530 2319 Concordes
553 2186 738 2314 stabili
761 2185 1015 2314 satorum
1037 2188 1281 2315 numine
1307 2193 1537 2319 Parcae.
1606 2162 1616 2183 ’

188 2446 535 2619 Adgredere
558 2492 597 2572 o
621 2489 866 2616 magnos
899 2442 1103 2608 (aderit
1116 2446 1242 2620 jam
1264 2456 1518 2617 ternpus)
1549 2446 1822 2595 honores,

191 2710 343 2832 Cara
366 2702 549 2831 desim
570 2698 812 2852 suboles
842 2748 1123 2872 magnum
1146 2704 1311 2868 Jovis
1333 2705 1785 2839 incrementumi

188 2959 448 3133 Adspice
471 3003 740 3086 convexo
763 2989 1073 3086 nutantem
1097 2958 1359 3129 pondere
1382 2956 1695 3110 mundum,

188 3222 536 3385 Terrasque,
562 3247 898 3384 tractusque
919 3215 1108 3361 maris,
1137 3218 1486 3386 coelumque
1508 3212 1903 3392 profundumt

188 3472 466 3647 Adspice,
492 3504 740 3600 venturo
762 3474 1051 3643 laetentur
1071 3506 1140 3602 ut
1161 3476 1361 3601 omnia
1381 3473 1549 3604 seclo

192 3739 253 3864 O
278 3732 423 3860 mihi
444 3762 567 3860 tam
589 3728 798 3902 longae
820 3763 1056 3859 maneat
1081 3778 1215 3908 pars
1237 3731 1444 3860 ultima
1464 3733 1637 3880 vitae,

193 3988 438 4163 Spiritus
462 4020 538 4132 et,
566 4020 853 4156 quantum
876 3989 959 4115 sat
982 3989 1090 4117 erit
1110 4022 1214 4116 tua
1237 3987 1428 4117 dicere
1451 3987 1628 4117 sacta!

192 4250 338 4372 Non
361 4290 456 4371 me
480 4240 830 4369 carminibus
852 4242 1050 4370 vincet
1068 4289 1180 4371 nec
1202 4244 1493 4372 Thracius
1516 4241 1813 4419 Orpheus,

192 4507 324 4629 Nec
345 4501 562 4628 Linus:
601 4495 742 4627 huic
765 4528 952 4626 mater
974 4498 1257 4670 quamvis,
1284 4531 1463 4670 atque
1489 4496 1630 4630 huic
1650 4536 1819 4678 pater
1840 4498 2010 4634 adsitr

194 4757 426 4931 Orphei
447 4752 766 4930 Calliopea,
793 4755 948 4883 Lino
971 4753 1256 4884 formosus
1279 4755 1526 4929 Apollo.
1761 4908 1763 4912 Α
1984 4858 1989 4867 .

194 5019 323 5143 Pan
344 5016 539 5158 etiam,
567 5013 827 5141 Arcadia
849 5056 1087 5139 mecum
1105 5013 1149 5138 s1
1161 5008 1364 5188 judice
1386 5044 1589 5159 certet,
1839 5120 1842 5125 ,

197 5276 325 5397 Pan
347 5269 524 5396 etiam
548 5266 808 5396 Arcadia
830 5267 988 5396 dicat
1008 5268 1062 5394 se
1075 5267 1276 5443 judice
1294 5268 1540 5398 victum.

196 5526 415 5698 Incipe,
443 5570 621 5698 parve
642 5570 808 5698 puer,
832 5526 944 5651 risu
965 5486 1308 5698 cognoscere
1329 5558 1605 5654 matrerm

197 5780 378 5911 Matri
398 5778 572 5952 longa
595 5775 799 5909 decem
821 5780 1082 5910 tulerunt
1103 5780 1325 5910 fastidia
1345 5787 1587 5914 menses.

199 6039 418 6212 Incipe,
444 6082 625 6211 parve
642 6085 816 6212 puer:
859 6040 1099 6166 cuinon
1118 6038 1282 6169 risere
1303 6073 1591 6215 parentes,

201 6300 332 6425 Nec
357 6299 522 6426 Deus
546 6295 706 6423 hunc
729 6297 941 6444 mensa,
971 6299 1104 6431 Dea
1126 6346 1236 6428 nec
1257 6293 1496 6472 dignata
1516 6295 1693 6450 cubili
1716 6298 1814 6428 est„
