5074 8524
365 856 370 863 ’
475 886 1106 1027 Aruernos
1165 896 1360 1024 Lm.
1420 895 1494 1023 11.
1554 924 1746 1069 ηρ.
1901 905 2015 1028 181

206 1186 503 1321 Scinditur
524 1189 812 1315 incertum
837 1187 1023 1315 studia
1046 1189 1108 1314 in
1132 1190 1418 1316 contraria
1440 1186 1663 1362 volgus.
1750 1190 1755 1197 ’
1808 1374 1812 1377 -

290 1447 519 1575 Primus
542 1443 624 1571 ibi
647 1478 782 1570 ante
806 1448 1012 1591 omnia,
1042 1494 1253 1617 magna
1277 1424 1597 1574 comitante
1616 1477 1859 1588 caterva,
1883 1450 1888 1455 ’

201 1712 488 1832 Laocoon
511 1703 716 1831 ardens
740 1704 965 1829 summa
988 1702 1240 1829 decurrit
1263 1702 1338 1830 ab
1363 1750 1518 1831 arce:

199 1966 278 2087 Et
298 1957 521 2133 procul,
550 1968 609 2089 Ο
635 1957 833 2102 miseri,
862 2006 1011 2128 quae
1036 1992 1195 2086 tanta
1218 1961 1450 2106 insania,
1480 1961 1670 2089 cives?
1859 1972 1864 1979 ’

202 2216 455 2344 Creditis
479 2248 711 2344 avectos
734 2216 941 2342 hostis?
971 2232 1075 2343 aut
1096 2216 1213 2344 ulla
1236 2220 1454 2389 putatis
1970 2154 1974 2162 Ι

201 2482 383 2603 Dona
405 2522 595 2600 carere
618 2471 764 2598 dolis
791 2473 1103 2600 Danadm?
1140 2477 1215 2600 s1c
1238 2508 1414 2600 notus
1438 2471 1672 2600 Ulixes?

200 2741 335 2859 Aut
357 2730 472 2855 hoc
495 2727 694 2855 inclusr
716 2729 874 2899 ligno
896 2729 1265 2857 occultantur
1288 2731 1527 2874 Achivi,

201 2996 337 3114 Aut
358 2987 503 3111 haec
525 2988 587 3111 in
609 2987 833 3113 nostros
856 2983 1134 3114 fabricata
1156 2991 1237 3116 est
1261 2974 1534 3113 machina
1556 3031 1754 3115 muros
1762 3058 1795 3136 ;.

199 3247 534 3416 Inspectura
557 3241 787 3387 domos,
813 3275 1174 3411 venturaque
1198 3243 1441 3416 desuper
1462 3243 1621 3393 urbi;

154 3664 159 3671 .
197 3509 333 3627 Aut
356 3496 557 3668 aliquis
579 3496 722 3625 latet
745 3544 914 3624 error.
959 3505 1133 3668 Equo
1155 3547 1232 3625 ne
1256 3497 1491 3645 credite,
1520 3500 1756 3626 Teucri.
1898 3508 1907 3521 ⁹

199 3753 514 3926 Qudquid
534 3753 597 3881 id
621 3756 716 3898 est,
745 3757 925 3880 timeo
953 3760 1192 3883 Danaos
1217 3792 1276 3883 et
1299 3755 1454 3883 dona
1478 3753 1730 3883 ferentis.

156 4110 158 4113 ·
200 4015 297 4138 Sic
326 3996 500 4153 fatus,'
522 4010 722 4137 validis
743 4012 1041 4182 ingentem
1063 4013 1278 4138 viribus
1302 4013 1523 4137 hastam

199 4273 273 4394 In
296 4267 463 4411 latur,
491 4267 670 4436 inque
692 4264 797 4393 feri
820 4313 1056 4398 curvam
1082 4266 1441 4443 conpagibus
1466 4269 1661 4395 alvom

202 4528 514 4653 Contorfit.
562 4523 734 4661 Stetit
755 4522 851 4648 illa
873 4556 1143 4669 tremenS,
1172 4558 1459 4693 uteroque
1482 4519 1703 4651 recuffo

200 4785 512 4908 Insonuere
537 4829 710 4908 cavae
733 4781 1134 4951 gemitumque
1157 4779 1372 4909 dedere
1397 4827 1691 4909 cavernae.

203 5045 297 5181 Et,
324 5030 753 5179 fifa'taDedm,
781 5038 1011 5162 fimens
1035 5083 1159 5164 non
1180 5038 1342 5165 laeva
1363 5032 1567 5180 fuiffet,

201 5292 502 5466 Inpulerat
524 5268 677 5420 ferro
702 5294 1008 5464 Argolicas
1033 5292 1268 5422 foedare
1290 5292 1566 5422 latebras:

201 5552 501 5725 Trojaque
523 5598 683 5676 nunc
706 5550 893 5695 stares,
925 5553 1255 5719 Priamique
1279 5598 1382 5677 arx
1406 5549 1521 5677 alta
1543 5594 1821 5676 maneres.

293 5813 464 5952 Ecce,
484 5854 700 5933 ,manus
718 5809 996 5982 juvenem
1019 5810 1238 5937 interea
1258 5810 1390 5982 post
1409 5840 1570 5981 terga
1591 5807 1915 5935 revinctum

205 6069 468 6192 Pastores
491 6110 709 6236 magno
733 6063 808 6193 ad
829 6111 1026 6237 regem
1053 6064 1303 6193 clamore
1327 6062 1638 6192 trahebant

207 6312 614 6451 Dardanidae:
657 6323 758 6491 qui
781 6324 835 6449 se
857 6323 1125 6492 ignotum
1147 6320 1513 6448 venientibus
1537 6319 1709 6462 ultro,

209 6584 347 6706 Hoc
369 6580 554 6752 ipsum
577 6612 646 6704 ut
668 6581 921 6724 strueret,
950 6580 1311 6753 Trojamque
1336 6578 1580 6751 aperiret
1603 6575 1867 6771 Achiviq

211 6833 540 6980 Obtnlerat,
567 6836 754 6966 fidens
778 6828 984 6982 animi(
1002 6870 1179 7006 atque
1202 6839 1263 6964 in
1284 6870 1600 7005 utrumque
1622 6868 1873 7009 paratus,

1062 7119 1086 7181 2
1120 7091 1155 7177 Z
