5074 8524
504 798 1347 1001 Anunrnosnrn
1392 865 1437 1000 1.
1487 873 1715 1049 πῃ.
1892 900 2012 1053 175

200 1168 384 1300 Dona
407 1161 613 1308 ferens,
642 1164 850 1337 pelago
874 1194 933 1291 et
954 1161 1203 1290 flammis
1227 1166 1490 1293 restantia
1514 1170 1746 1343 Trojae.

201 1434 383 1556 Hunc
408 1467 517 1594 ego
539 1422 793 1592 sopitum
816 1423 1038 1563 somn0,
1063 1425 1229 1593 super
1252 1421 1366 1548 alta
1390 1423 1670 1596 Cythera,

203 1691 338 1812 Aut
358 1683 527 1852 super
548 1675 797 1803 Idalium
821 1678 1031 1805 sacrata
1054 1675 1183 1805 sede
1205 1676 1552 1805 recondam:

204 1946 304 2068 Ne
327 1983 443 2107 qua
466 1935 601 2061 scire
625 1932 810 2076 dolos,
839 1932 1138 2088 mediusve
1161 1980 1460 2063 occurrere
1482 1932 1666 2107 poffit.

204 2202 307 2324 Tu
331 2191 538 2319 faciem
561 2189 709 2316 illius
732 2222 970 2315 noctem
993 2237 1116 2316 non
1140 2191 1386 2363 amplius
1410 2238 1591 2318 unam

203 2451 362 2579 Falle
385 2447 541 2591 dolo
570 2460 631 2574 et
651 2481 824 2574 notos
848 2449 1015 2620 pueri
1038 2494 1184 2619 puer
1204 2446 1383 2574 indue
1404 2449 1626 2577 vultus:

205 2714 309 2850 Ut,
339 2751 523 2874 quum
548 2737 608 2830 te
629 2706 850 2875 gremio
873 2701 1125 2875 adcipiet
1146 2702 1439 2831 laetiffrma
1463 2705 1642 2851 Dido,

204 2960 440 3131 Regalis
464 2962 615 3086 inter'
638 2965 858 3089 mensas
882 2959 1228 3129 laticemque
1249 2969 1537 3132 Lyaeum,

208 3223 419 3388 Qum
444 3214 607 3343 dabit
631 3217 936 3389 amplexus
953 3251 1134 3387 atque
1158 3215 1347 3344 oscula
1370 3215 1562 3344 dulcia
1581 3218 1738 3390 figet,

211 3465 533 3602 Occultum
555 3473 787 3644 inspires
811 3472 1024 3642 ignem,
1053 3470 1329 3642 fallasque
1350 3520 1598 3601 veneno.

211 3735 384 3857 Paret
405 3737 601 3854 Amor
624 3726 790 3854 dictis
816 3776 978 3857 carae
1001 3730 1321 3902 genetricis,
1351 3764 1409 3856 et
1432 3730 1547 3857 alas

204 3959 410 4127 Exuit,
439 4017 499 4110 et
520 3982 705 4154 gressu
727 3985 987 4153 gaudens
1010 3985 1227 4114 incedit
1251 3986 1378 4112 Iuli.

213 4247 307 4369 At
327 4246 531 4367 Venus
556 4241 812 4366 Ascanio
836 4238 1132 4412 placidam
1154 4288 1260 4414 per
1282 4240 1544 4368 membra
1567 4242 1825 4411 quietem

214 4500 449 4670 Inrigat,
479 4530 538 4622 et
559 4494 751 4624 sotum
774 4497 996 4666 gremio
1022 4502 1154 4623 Dea
1176 4497 1328 4624 tollit
1349 4500 1412 4623 in
1436 4498 1583 4625 altos

214 4754 430 4883 Idaliae
454 4752 643 4879 lucos:
684 4752 789 4880 ubi
812 4752 1001 4879 mollis
1024 4799 1320 4882 amaracus
1344 4753 1510 4880 illum
1573 4750 1577 4757 ’

214 5008 480 5137 Floribus
505 5041 564 5134 et
588 5005 744 5133 dulci
769 5007 1055 5178 adspirans
1080 5008 1488 5178 complectitur
1509 5008 1733 5139 umbra.

177 5353 182 5363 ·
218 5274 474 5436 Jamque
495 5263 618 5389 ibat
643 5263 800 5390 dicto
823 5312 1048 5436 parens,
1078 5295 1137 5391 et
1160 5262 1318 5391 dona
1345 5263 1584 5437 Cupido
1623 5264 1627 5273 ’

217 5521 404 5692 Regia
426 5520 701 5692 portabat
723 5521 936 5692 Tyriis,
967 5518 1116 5649 duce
1139 5520 1322 5649 laetus
1347 5519 1602 5648 Achate.

221 5783 430 5946 Qrum
453 5778 630 5920 venit,
659 5774 868 5902 aulaeis
882 5777 1007 5951 jam
1029 5780 1083 5904 se
1105 5778 1300 5947 regina
1320 5776 1575 5948 superbis

193 5959 426 6158 'Aurea
448 6033 752 6205 conposuit
772 6031 1009 6205 sponda,
1037 6032 1409 6203 mediamque
1431 6032 1659 6161 locavit.
1759 6186 1764 6193 Ι
1893 6038 1897 6045 ’

309 6295 446 6455 Jam
469 6322 634 6460 pater
657 6297 912 6435 Aeneas,
940 6320 999 6416 et
1011 6290 1135 6465 jam
1159 6292 1417 6465 Trojana
1433 6290 1712 6466 juventus

226 6546 618 6691 Conveniunt,
646 6548 939 6714 stratoque
962 6549 1129 6719 super
1152 6544 1528 6713 discumbitur
1547 6508 1721 6672 ostro.

227 6806 392 6929 Dant
414 6801 613 6932 famuli
636 6801 905 6932 manibus
929 6803 1219 6977 lymphas,
1251 6808 1639 6973 Cereremque
1663 6799 1909 6930 canistris
2000 6868 2004 6889 2
