<?xml version="1.0" encoding="UTF-8"?>
<!DOCTYPE html PUBLIC "-//W3C//DTD XHTML 1.0 Transitional//EN"
    "http://www.w3.org/TR/xhtml1/DTD/xhtml1-transitional.dtd">
<html xmlns="http://www.w3.org/1999/xhtml" xml:lang="en" lang="en">
 <head>
  <title>
</title>
<meta http-equiv="Content-Type" content="text/html;charset=utf-8" />
  <meta name='ocr-system' content='tesseract 3.04.00' />
  <meta name='ocr-capabilities' content='ocr_page ocr_carea ocr_par ocr_line ocrx_word'/>
</head>
<body>
  <div class='ocr_page' id='page_1' title='image "./publiivergiliim00burmgoog_0016.png"; bbox 0 0 5202 8512; ppageno 0'>
   <div class='ocr_carea' id='block_1_1' title="bbox 880 1094 2228 1261">
    <p class='ocr_par' dir='ltr' id='par_1_1' title="bbox 880 1094 2228 1261">
     <span class='ocr_line' id='line_1_1' title="bbox 880 1094 2228 1261; baseline -0.008 -30"><span class='ocrx_word' id='word_1_1' title='bbox 880 1094 2228 1261; x_wconf 77' lang='lat' dir='ltr'><strong>ncnocnuoun.</strong></span> 
     </span>
    </p>
   </div>
   <div class='ocr_carea' id='block_1_2' title="bbox 1076 1600 2029 1788">
    <p class='ocr_par' dir='ltr' id='par_1_2' title="bbox 1076 1600 2029 1788">
     <span class='ocr_line' id='line_1_2' title="bbox 1076 1600 2029 1788; baseline -0.018 -1"><span class='ocrx_word' id='word_1_2' title='bbox 1076 1600 2029 1788; x_wconf 86' lang='lat' dir='ltr'>M()ERIS.</span> 
     </span>
    </p>
   </div>
   <div class='ocr_carea' id='block_1_3' title="bbox 924 2157 2184 2280">
    <p class='ocr_par' dir='ltr' id='par_1_3' title="bbox 924 2157 2184 2280">
     <span class='ocr_line' id='line_1_3' title="bbox 924 2157 2184 2280; baseline -0.008 -12"><span class='ocrx_word' id='word_1_3' title='bbox 924 2160 1556 2280; x_wconf 88' lang='lat' dir='ltr'><strong>LYCIDAS,</strong></span> <span class='ocrx_word' id='word_1_4' title='bbox 1641 2157 2184 2262; x_wconf 87' lang='lat' dir='ltr'><strong>MOERIS.</strong></span> 
     </span>
    </p>
   </div>
   <div class='ocr_carea' id='block_1_4' title="bbox 650 2636 2449 3577">
    <p class='ocr_par' dir='ltr' id='par_1_4' title="bbox 650 2636 2449 3073">
     <span class='ocr_line' id='line_1_4' title="bbox 650 2636 2449 2817; baseline -0.004 -41"><span class='ocrx_word' id='word_1_5' title='bbox 650 2649 722 2776; x_wconf 87' lang='lat' dir='ltr'><strong>L.</strong></span> <span class='ocrx_word' id='word_1_6' title='bbox 764 2648 966 2817; x_wconf 67' lang='lat' dir='ltr'><strong>&#39;Quo</strong></span> <span class='ocrx_word' id='word_1_7' title='bbox 990 2676 1068 2788; x_wconf 87' lang='lat' dir='ltr'><strong>tc,</strong></span> <span class='ocrx_word' id='word_1_8' title='bbox 1095 2639 1308 2784; x_wconf 90' lang='lat' dir='ltr'><strong>Moeri,</strong></span> <span class='ocrx_word' id='word_1_9' title='bbox 1334 2637 1547 2811; x_wconf 87' lang='lat' dir='ltr'><strong>pedes?</strong></span> <span class='ocrx_word' id='word_1_10' title='bbox 1576 2682 1669 2783; x_wconf 91' lang='lat' dir='ltr'><strong>an,</strong></span> <span class='ocrx_word' id='word_1_11' title='bbox 1689 2684 1809 2809; x_wconf 91' lang='lat' dir='ltr'><strong>quo</strong></span> <span class='ocrx_word' id='word_1_12' title='bbox 1832 2636 1926 2766; x_wconf 86' lang='lat' dir='ltr'><strong>via</strong></span> <span class='ocrx_word' id='word_1_13' title='bbox 1948 2636 2129 2784; x_wconf 86' lang='lat' dir='ltr'><strong>ducit,</strong></span> <span class='ocrx_word' id='word_1_14' title='bbox 2146 2641 2211 2765; x_wconf 92' lang='lat' dir='ltr'><strong>in</strong></span> <span class='ocrx_word' id='word_1_15' title='bbox 2234 2641 2449 2770; x_wconf 88' lang='lat' dir='ltr'><strong>urbem?</strong></span> 
     </span>
     <span class='ocr_line' id='line_1_5' title="bbox 650 2891 2123 3073; baseline -0.011 -39"><span class='ocrx_word' id='word_1_16' title='bbox 650 2908 743 3033; x_wconf 90' lang='lat' dir='ltr'><strong>M.</strong></span> <span class='ocrx_word' id='word_1_17' title='bbox 768 2912 828 3033; x_wconf 95' lang='lat' dir='ltr'>O</span> <span class='ocrx_word' id='word_1_18' title='bbox 853 2899 1102 3073; x_wconf 83' lang='lat' dir='ltr'>Lycida,</span> <span class='ocrx_word' id='word_1_19' title='bbox 1124 2897 1241 3025; x_wconf 86' lang='lat' dir='ltr'><strong>vivi</strong></span> <span class='ocrx_word' id='word_1_20' title='bbox 1263 2895 1652 3068; x_wconf 88' lang='lat' dir='ltr'><strong>pervenimus,</strong></span> <span class='ocrx_word' id='word_1_21' title='bbox 1682 2891 1908 3023; x_wconf 88' lang='lat' dir='ltr'><strong>advena</strong></span> <span class='ocrx_word' id='word_1_22' title='bbox 1929 2894 2123 3042; x_wconf 68' lang='lat' dir='ltr'><strong>nostri,</strong></span> 
     </span>
    </p>

    <p class='ocr_par' dir='ltr' id='par_1_5' title="bbox 653 3146 2212 3577">
     <span class='ocr_line' id='line_1_6' title="bbox 653 3146 2192 3329; baseline -0.003 -44"><span class='ocrx_word' id='word_1_23' title='bbox 653 3156 845 3329; x_wconf 81' lang='lat' dir='ltr'><strong>Qrod</strong></span> <span class='ocrx_word' id='word_1_24' title='bbox 865 3199 1192 3325; x_wconf 82' lang='lat' dir='ltr'>numquam</span> <span class='ocrx_word' id='word_1_25' title='bbox 1213 3151 1379 3279; x_wconf 86' lang='lat' dir='ltr'><strong>veriti</strong></span> <span class='ocrx_word' id='word_1_26' title='bbox 1398 3152 1612 3295; x_wconf 75' lang='lat' dir='ltr'><strong>sumne,</strong></span> <span class='ocrx_word' id='word_1_27' title='bbox 1639 3184 1708 3277; x_wconf 92' lang='lat' dir='ltr'><strong>ut</strong></span> <span class='ocrx_word' id='word_1_28' title='bbox 1729 3146 2003 3321; x_wconf 79' lang='lat' dir='ltr'><strong>poffeffor</strong></span> <span class='ocrx_word' id='word_1_29' title='bbox 2023 3153 2192 3325; x_wconf 86' lang='lat' dir='ltr'><strong>agelli</strong></span> 
     </span>
     <span class='ocr_line' id='line_1_7' title="bbox 655 3407 2212 3577; baseline -0.006 -36"><span class='ocrx_word' id='word_1_30' title='bbox 655 3414 920 3541; x_wconf 85' lang='lat' dir='ltr'>Diceret:</span> <span class='ocrx_word' id='word_1_31' title='bbox 962 3417 1126 3539; x_wconf 90' lang='lat' dir='ltr'><strong>Haec</strong></span> <span class='ocrx_word' id='word_1_32' title='bbox 1149 3456 1281 3538; x_wconf 89' lang='lat' dir='ltr'><strong>mea</strong></span> <span class='ocrx_word' id='word_1_33' title='bbox 1301 3408 1468 3534; x_wconf 77' lang='lat' dir='ltr'><strong>suntt&#39;</strong></span> <span class='ocrx_word' id='word_1_34' title='bbox 1489 3439 1711 3534; x_wconf 80' lang='lat' dir='ltr'><strong>veteres</strong></span> <span class='ocrx_word' id='word_1_35' title='bbox 1735 3407 1975 3577; x_wconf 89' lang='lat' dir='ltr'><strong>migrate</strong></span> <span class='ocrx_word' id='word_1_36' title='bbox 1999 3407 2212 3536; x_wconf 87' lang='lat' dir='ltr'><strong>coloni.</strong></span> 
     </span>
    </p>
   </div>
   <div class='ocr_carea' id='block_1_5' title="bbox 655 3664 2153 3834">
    <p class='ocr_par' dir='ltr' id='par_1_6' title="bbox 655 3664 2153 3834">
     <span class='ocr_line' id='line_1_8' title="bbox 655 3664 2153 3834; baseline -0.003 -38"><span class='ocrx_word' id='word_1_37' title='bbox 655 3677 834 3796; x_wconf 91' lang='lat' dir='ltr'><strong>Nunc</strong></span> <span class='ocrx_word' id='word_1_38' title='bbox 856 3669 1010 3814; x_wconf 88' lang='lat' dir='ltr'><strong>victi,</strong></span> <span class='ocrx_word' id='word_1_39' title='bbox 1037 3667 1235 3809; x_wconf 86' lang='lat' dir='ltr'><strong>tristes,</strong></span> <span class='ocrx_word' id='word_1_40' title='bbox 1265 3664 1546 3834; x_wconf 90' lang='lat' dir='ltr'><strong>quoniam</strong></span> <span class='ocrx_word' id='word_1_41' title='bbox 1567 3666 1711 3790; x_wconf 87' lang='lat' dir='ltr'><strong>Fors</strong></span> <span class='ocrx_word' id='word_1_42' title='bbox 1735 3665 1935 3790; x_wconf 89' lang='lat' dir='ltr'><strong>omnia</strong></span> <span class='ocrx_word' id='word_1_43' title='bbox 1955 3667 2153 3808; x_wconf 86' lang='lat' dir='ltr'><strong>versat,</strong></span> 
     </span>
    </p>
   </div>
   <div class='ocr_carea' id='block_1_6' title="bbox 654 3919 2212 4094">
    <p class='ocr_par' dir='ltr' id='par_1_7' title="bbox 654 3800 2516 4145">
     <span class='ocr_line' id='line_1_9' title="bbox 654 3919 2212 4094; baseline -0.003 -40"><span class='ocrx_word' id='word_1_44' title='bbox 654 3925 890 4054; x_wconf 90' lang='lat' dir='ltr'><strong>Hosilli</strong></span> <span class='ocrx_word' id='word_1_45' title='bbox 920 3923 1106 4094; x_wconf 87' lang='lat' dir='ltr'><strong>(quod</strong></span> <span class='ocrx_word' id='word_1_46' title='bbox 1126 3969 1235 4051; x_wconf 86' lang='lat' dir='ltr'><strong>nec</strong></span> <span class='ocrx_word' id='word_1_47' title='bbox 1258 3919 1410 4048; x_wconf 89' lang='lat' dir='ltr'><strong>bene</strong></span> <span class='ocrx_word' id='word_1_48' title='bbox 1430 3928 1638 4086; x_wconf 84' lang='lat' dir='ltr'><strong>vertat)</strong></span> <span class='ocrx_word' id='word_1_49' title='bbox 1669 3921 1951 4048; x_wconf 89' lang='lat' dir='ltr'><strong>mittimus</strong></span> <span class='ocrx_word' id='word_1_50' title='bbox 1973 3919 2212 4050; x_wconf 90' lang='lat' dir='ltr'><strong>haedos.</strong></span> 
     </span>
    </p>
   </div>
   <div class='ocr_carea' id='block_1_7' title="bbox 653 4156 2516 6660">
    <p class='ocr_par' dir='ltr' id='par_1_8' title="bbox 653 4156 2516 4610">
     <span class='ocr_line' id='line_1_10' title="bbox 653 4156 2516 4350; baseline -0.001 -43"><span class='ocrx_word' id='word_1_51' title='bbox 653 4185 726 4308; x_wconf 86' lang='lat' dir='ltr'><strong>L.</strong></span> <span class='ocrx_word' id='word_1_52' title='bbox 772 4187 948 4309; x_wconf 86' lang='lat' dir='ltr'><strong>Certe</strong></span> <span class='ocrx_word' id='word_1_53' title='bbox 971 4178 1247 4350; x_wconf 87' lang='lat' dir='ltr'><strong>equidem</strong></span> <span class='ocrx_word' id='word_1_54' title='bbox 1275 4176 1588 4321; x_wconf 85' lang='lat' dir='ltr'><strong>audieram,</strong></span> <span class='ocrx_word' id='word_1_55' title='bbox 1618 4179 1810 4345; x_wconf 87' lang='lat' dir='ltr'><strong>quase</strong></span> <span class='ocrx_word' id='word_1_56' title='bbox 1831 4174 2150 4306; x_wconf 90' lang='lat' dir='ltr'><strong>subducere</strong></span> <span class='ocrx_word' id='word_1_57' title='bbox 2173 4177 2344 4306; x_wconf 89' lang='lat' dir='ltr'><strong>colles</strong></span> <span class='ocrx_word' id='word_1_58' title='bbox 2515 4156 2516 4169; x_wconf 53' lang='lat'><strong>,</strong></span> 
     </span>
     <span class='ocr_line' id='line_1_11' title="bbox 655 4430 2019 4610; baseline -0.002 -46"><span class='ocrx_word' id='word_1_59' title='bbox 655 4439 970 4610; x_wconf 89' lang='lat' dir='ltr'><strong>Incipiunt,</strong></span> <span class='ocrx_word' id='word_1_60' title='bbox 999 4436 1276 4606; x_wconf 91' lang='lat' dir='ltr'><strong>mollique</strong></span> <span class='ocrx_word' id='word_1_61' title='bbox 1290 4436 1502 4608; x_wconf 83' lang='lat' dir='ltr'><strong>jugum</strong></span> <span class='ocrx_word' id='word_1_62' title='bbox 1524 4430 1829 4560; x_wconf 88' lang='lat' dir='ltr'><strong>demittere</strong></span> <span class='ocrx_word' id='word_1_63' title='bbox 1853 4433 2019 4578; x_wconf 90' lang='lat' dir='ltr'><strong>clivo,</strong></span> 
     </span>
    </p>

    <p class='ocr_par' dir='ltr' id='par_1_9' title="bbox 657 4687 2516 5080">
     <span class='ocr_line' id='line_1_12' title="bbox 657 4687 2516 4864; baseline -0.006 -44"><span class='ocrx_word' id='word_1_64' title='bbox 657 4698 856 4864; x_wconf 86' lang='lat' dir='ltr'><strong>Usque</strong></span> <span class='ocrx_word' id='word_1_65' title='bbox 877 4692 955 4821; x_wconf 90' lang='lat' dir='ltr'><strong>ad</strong></span> <span class='ocrx_word' id='word_1_66' title='bbox 976 4738 1207 4861; x_wconf 89' lang='lat' dir='ltr'><strong>aquam,</strong></span> <span class='ocrx_word' id='word_1_67' title='bbox 1237 4723 1296 4816; x_wconf 89' lang='lat' dir='ltr'><strong>ct</strong></span> <span class='ocrx_word' id='word_1_68' title='bbox 1316 4719 1554 4834; x_wconf 80' lang='lat' dir='ltr'><strong>veteres,</strong></span> <span class='ocrx_word' id='word_1_69' title='bbox 1574 4690 1698 4863; x_wconf 90' lang='lat' dir='ltr'><strong>jam</strong></span> <span class='ocrx_word' id='word_1_70' title='bbox 1722 4687 1901 4816; x_wconf 84' lang='lat' dir='ltr'><strong>fracta</strong></span> <span class='ocrx_word' id='word_1_71' title='bbox 1923 4692 2247 4835; x_wconf 86' lang='lat' dir='ltr'><strong>cacumina,</strong></span> <span class='ocrx_word' id='word_1_72' title='bbox 2276 4690 2425 4861; x_wconf 82' lang='lat' dir='ltr'><strong>fagos,</strong></span> <span class='ocrx_word' id='word_1_73' title='bbox 2515 4766 2516 4809; x_wconf 49' lang='lat' dir='ltr'><strong>t</strong></span> 
     </span>
     <span class='ocr_line' id='line_1_13' title="bbox 661 4942 2127 5080; baseline -0.003 0"><span class='ocrx_word' id='word_1_74' title='bbox 661 4950 880 5080; x_wconf 90' lang='lat' dir='ltr'><strong>Omnia</strong></span> <span class='ocrx_word' id='word_1_75' title='bbox 902 4947 1250 5076; x_wconf 85' lang='lat' dir='ltr'><strong>carminibus</strong></span> <span class='ocrx_word' id='word_1_76' title='bbox 1271 4945 1521 5073; x_wconf 82' lang='lat' dir='ltr'><strong>vestrum</strong></span> <span class='ocrx_word' id='word_1_77' title='bbox 1542 4942 1775 5074; x_wconf 83' lang='lat' dir='ltr'><strong>servalle</strong></span> <span class='ocrx_word' id='word_1_78' title='bbox 1798 4946 2127 5076; x_wconf 88' lang='lat' dir='ltr'><strong>Menalcan.</strong></span> 
     </span>
    </p>

    <p class='ocr_par' dir='ltr' id='par_1_10' title="bbox 659 5201 2192 5357">
     <span class='ocr_line' id='line_1_14' title="bbox 659 5201 2192 5357; baseline -0.001 -25"><span class='ocrx_word' id='word_1_79' title='bbox 659 5211 749 5332; x_wconf 87' lang='lat' dir='ltr'><strong>M.</strong></span> <span class='ocrx_word' id='word_1_80' title='bbox 778 5207 1097 5357; x_wconf 88' lang='lat' dir='ltr'><strong>Audieras;</strong></span> <span class='ocrx_word' id='word_1_81' title='bbox 1135 5201 1372 5333; x_wconf 89' lang='lat' dir='ltr'><strong>etfama</strong></span> <span class='ocrx_word' id='word_1_82' title='bbox 1396 5201 1523 5333; x_wconf 85' lang='lat' dir='ltr'><strong>fuit.</strong></span> <span class='ocrx_word' id='word_1_83' title='bbox 1564 5201 1664 5330; x_wconf 89' lang='lat' dir='ltr'><strong>sed</strong></span> <span class='ocrx_word' id='word_1_84' title='bbox 1685 5204 1937 5331; x_wconf 89' lang='lat' dir='ltr'><strong>carmina</strong></span> <span class='ocrx_word' id='word_1_85' title='bbox 1960 5238 2192 5345; x_wconf 90' lang='lat' dir='ltr'><strong>tantum</strong></span> 
     </span>
    </p>

    <p class='ocr_par' dir='ltr' id='par_1_11' title="bbox 662 5457 2261 5884">
     <span class='ocr_line' id='line_1_15' title="bbox 662 5457 2261 5634; baseline -0.001 -45"><span class='ocrx_word' id='word_1_86' title='bbox 662 5464 873 5589; x_wconf 90' lang='lat' dir='ltr'><strong>Nostra</strong></span> <span class='ocrx_word' id='word_1_87' title='bbox 893 5460 1107 5605; x_wconf 83' lang='lat' dir='ltr'><strong>valent,</strong></span> <span class='ocrx_word' id='word_1_88' title='bbox 1134 5457 1378 5634; x_wconf 85' lang='lat' dir='ltr'><strong>Lycida,</strong></span> <span class='ocrx_word' id='word_1_89' title='bbox 1405 5458 1522 5588; x_wconf 87' lang='lat' dir='ltr'><strong>tela</strong></span> <span class='ocrx_word' id='word_1_90' title='bbox 1542 5460 1694 5588; x_wconf 90' lang='lat' dir='ltr'><strong>inter</strong></span> <span class='ocrx_word' id='word_1_91' title='bbox 1714 5461 1945 5607; x_wconf 90' lang='lat' dir='ltr'><strong>Martia,</strong></span> <span class='ocrx_word' id='word_1_92' title='bbox 1972 5472 2261 5630; x_wconf 88' lang='lat' dir='ltr'><strong>quantum</strong></span> 
     </span>
     <span class='ocr_line' id='line_1_16' title="bbox 664 5694 2081 5884; baseline -0.001 -38"><span class='ocrx_word' id='word_1_93' title='bbox 664 5694 959 5846; x_wconf 90' lang='lat' dir='ltr'><strong>Chaonias</strong></span> <span class='ocrx_word' id='word_1_94' title='bbox 983 5718 1204 5860; x_wconf 90' lang='lat' dir='ltr'><strong>dicunt,</strong></span> <span class='ocrx_word' id='word_1_95' title='bbox 1233 5715 1427 5884; x_wconf 89' lang='lat' dir='ltr'><strong>aquila</strong></span> <span class='ocrx_word' id='word_1_96' title='bbox 1446 5716 1733 5862; x_wconf 86' lang='lat' dir='ltr'><strong>veniente,</strong></span> <span class='ocrx_word' id='word_1_97' title='bbox 1761 5715 2081 5847; x_wconf 88' lang='lat' dir='ltr'><strong>columbas.</strong></span> 
     </span>
    </p>

    <p class='ocr_par' dir='ltr' id='par_1_12' title="bbox 663 5972 2103 6144">
     <span class='ocr_line' id='line_1_17' title="bbox 663 5972 2103 6144; baseline 0.001 -45"><span class='ocrx_word' id='word_1_98' title='bbox 663 5972 853 6143; x_wconf 80' lang='lat' dir='ltr'><strong>Qrod</strong></span> <span class='ocrx_word' id='word_1_99' title='bbox 871 5975 977 6099; x_wconf 78' lang='lat' dir='ltr'><strong>nist</strong></span> <span class='ocrx_word' id='word_1_100' title='bbox 995 6018 1094 6099; x_wconf 90' lang='lat' dir='ltr'><strong>me</strong></span> <span class='ocrx_word' id='word_1_101' title='bbox 1118 5982 1491 6144; x_wconf 86' lang='lat' dir='ltr'><strong>quacumque</strong></span> <span class='ocrx_word' id='word_1_102' title='bbox 1512 6019 1692 6101; x_wconf 84' lang='lat' dir='ltr'><strong>novas</strong></span> <span class='ocrx_word' id='word_1_103' title='bbox 1713 5972 1970 6103; x_wconf 90' lang='lat' dir='ltr'><strong>incidere</strong></span> <span class='ocrx_word' id='word_1_104' title='bbox 1991 5974 2103 6101; x_wconf 85' lang='lat' dir='ltr'><strong>litis</strong></span> 
     </span>
    </p>

    <p class='ocr_par' dir='ltr' id='par_1_13' title="bbox 663 6228 2046 6374">
     <span class='ocr_line' id='line_1_18' title="bbox 663 6228 2046 6374; baseline 0.002 -21"><span class='ocrx_word' id='word_1_105' title='bbox 663 6236 830 6354; x_wconf 91' lang='lat' dir='ltr'><strong>Ante</strong></span> <span class='ocrx_word' id='word_1_106' title='bbox 851 6230 1063 6357; x_wconf 89' lang='lat' dir='ltr'><strong>finistra</strong></span> <span class='ocrx_word' id='word_1_107' title='bbox 1084 6276 1225 6358; x_wconf 89' lang='lat' dir='ltr'><strong>cava</strong></span> <span class='ocrx_word' id='word_1_108' title='bbox 1247 6228 1557 6359; x_wconf 82' lang='lat' dir='ltr'><strong>monuiffet</strong></span> <span class='ocrx_word' id='word_1_109' title='bbox 1578 6229 1653 6356; x_wconf 91' lang='lat' dir='ltr'><strong>ab</strong></span> <span class='ocrx_word' id='word_1_110' title='bbox 1675 6231 1803 6357; x_wconf 89' lang='lat' dir='ltr'><strong>ilice</strong></span> <span class='ocrx_word' id='word_1_111' title='bbox 1827 6232 2046 6374; x_wconf 86' lang='lat' dir='ltr'><strong>cornix,</strong></span> 
     </span>
    </p>

    <p class='ocr_par' dir='ltr' id='par_1_14' title="bbox 662 6485 2171 6660">
     <span class='ocr_line' id='line_1_19' title="bbox 662 6485 2171 6660; baseline 0.003 -50"><span class='ocrx_word' id='word_1_112' title='bbox 662 6489 793 6613; x_wconf 90' lang='lat' dir='ltr'><strong>Nec</strong></span> <span class='ocrx_word' id='word_1_113' title='bbox 816 6517 950 6614; x_wconf 88' lang='lat' dir='ltr'><strong>tuus</strong></span> <span class='ocrx_word' id='word_1_114' title='bbox 969 6485 1065 6650; x_wconf 87' lang='lat' dir='ltr'><strong>hic</strong></span> <span class='ocrx_word' id='word_1_115' title='bbox 1088 6488 1327 6629; x_wconf 85' lang='lat' dir='ltr'><strong>Moeris,</strong></span> <span class='ocrx_word' id='word_1_116' title='bbox 1349 6532 1458 6614; x_wconf 88' lang='lat' dir='ltr'><strong>nec</strong></span> <span class='ocrx_word' id='word_1_117' title='bbox 1478 6489 1696 6618; x_wconf 89' lang='lat' dir='ltr'><strong>viveret</strong></span> <span class='ocrx_word' id='word_1_118' title='bbox 1716 6488 1833 6660; x_wconf 90' lang='lat' dir='ltr'><strong>ipse</strong></span> <span class='ocrx_word' id='word_1_119' title='bbox 1855 6486 2171 6616; x_wconf 86' lang='lat' dir='ltr'><strong>Menalcas.</strong></span> 
     </span>
    </p>
   </div>
   <div class='ocr_carea' id='block_1_8' title="bbox 661 6727 2443 6929">
    <p class='ocr_par' dir='ltr' id='par_1_15' title="bbox 661 6727 2443 6929">
     <span class='ocr_line' id='line_1_20' title="bbox 661 6727 2443 6929; baseline -0.004 -62"><span class='ocrx_word' id='word_1_120' title='bbox 661 6744 732 6868; x_wconf 88' lang='lat' dir='ltr'><strong>L.</strong></span> <span class='ocrx_word' id='word_1_121' title='bbox 749 6742 913 6872; x_wconf 88' lang='lat' dir='ltr'><strong>Heu!</strong></span> <span class='ocrx_word' id='word_1_122' title='bbox 937 6741 1093 6929; x_wconf 85' lang='lat' dir='ltr'><strong>cadit</strong></span> <span class='ocrx_word' id='word_1_123' title='bbox 1109 6743 1171 6871; x_wconf 87' lang='lat' dir='ltr'><strong>in</strong></span> <span class='ocrx_word' id='word_1_124' title='bbox 1190 6789 1548 6916; x_wconf 90' lang='lat' dir='ltr'><strong>quemquam</strong></span> <span class='ocrx_word' id='word_1_125' title='bbox 1562 6761 1793 6876; x_wconf 90' lang='lat' dir='ltr'><strong>tantum</strong></span> <span class='ocrx_word' id='word_1_126' title='bbox 1809 6745 2019 6877; x_wconf 86' lang='lat' dir='ltr'><strong>scelus?</strong></span> <span class='ocrx_word' id='word_1_127' title='bbox 2040 6746 2177 6890; x_wconf 87' lang='lat' dir='ltr'><strong>heu,</strong></span> <span class='ocrx_word' id='word_1_128' title='bbox 2194 6727 2443 6874; x_wconf 73' lang='lat' dir='ltr'><strong>manabis</strong></span> 
     </span>
    </p>
   </div>
   <div class='ocr_carea' id='block_1_9' title="bbox 0 0 2622 8512">
    <p class='ocr_par' dir='ltr' id='par_1_16' title="bbox 0 0 2622 8512">
     <span class='ocr_line' id='line_1_21' title="bbox 0 0 2622 8512; baseline 0 0"><span class='ocrx_word' id='word_1_129' title='bbox 0 0 2622 8512; x_wconf 95' lang='lat' dir='ltr'><strong> </strong></span> 
     </span>
    </p>
   </div>
  </div>
 </body>
</html>
