5202 8512
464 817 952 1013 otono.
1040 843 1278 983 cru.
1352 766 1398 971 r.
1484 888 1719 1018 rur·
1912 853 1996 1011 ⁶⁷

184 1130 501 1267 Caeruleus
524 1129 781 1303 pluviam
806 1127 1128 1274 denuntiat,
1156 1133 1358 1301 igneus
1384 1181 1567 1267 euros.

187 1396 287 1521 Sin
310 1389 571 1518 maculae
593 1388 875 1559 incipient
894 1387 1069 1515 rutilo
1088 1389 1431 1523 inmiscerier
1451 1391 1587 1562 igni,

184 1651 406 1782 Omnia
429 1680 571 1773 tunc
592 1645 805 1816 pariter
825 1675 1005 1771 vento
1027 1644 1360 1816 nimbisque
1379 1646 1602 1781 videbis

180 1912 446 2035 Fervere.
490 1908 635 2033 Non
652 1899 747 2029 illa
773 1902 1073 2079 quisquam
1097 1949 1191 2031 me
1214 1934 1388 2039 nocte
1409 1950 1515 2076 per
1530 1904 1722 2047 ,altum

181 2169 294 2308 Ire,
322 2207 518 2331 neque
540 2207 576 2291 a
596 2191 746 2291 terra
768 2187 1008 2291 moneat
1029 2157 1352 2293 convellere
1372 2158 1592 2297 funem.

183 2428 280 2547 At
301 2423 360 2564 fi,
389 2462 574 2587 quum
597 2413 921 2585 referetque
945 2411 1121 2561 diem,
1149 2414 1485 2586 condetque
1507 2418 1769 2563 relatum,
1955 2450 1978 2559 .-

180 2675 445 2804 Lucidus
470 2672 623 2801 orbis
647 2673 770 2821 erit,
799 2669 1003 2801 frustra
1024 2672 1314 2807 terrebere
1334 2674 1566 2833 nimbis,

184 2940 267 3063 Et
289 2933 446 3063 claro
464 2929 627 3065 sdvas
650 2976 850 3061 cernes
873 2928 1147 3100 aquilone
1166 2930 1404 3065 moveri.

183 3193 485 3359 Denique,
515 3186 660 3356 quid
681 3189 880 3359 vesper
901 3188 1052 3317 serus
1075 3186 1269 3333 vehat,
1295 3187 1453 3321 unde
1476 3191 1696 3323 serenas

178 3455 419 3575 Ventus
442 3478 576 3615 agat
598 3442 802 3589 nubes,
831 3443 976 3613 quid
998 3446 1213 3614 cogitet
1234 3443 1512 3577 humidus
1535 3447 1737 3592 auster,

188 3704 296 3832 Sol
317 3702 422 3831 tibi
444 3705 601 3874 figna
620 3700 798 3834 dabit.
847 3700 1044 3831 Solem
1068 3701 1197 3870 quis
1221 3700 1413 3835 dicere
1433 3701 1637 3833 falsum

187 3958 468 4088 Audeat?
512 3957 616 4084 Ille
639 3960 815 4089 etiam
838 4003 1042 4089 caecos
1065 3959 1271 4093 instare
1292 3958 1582 4093 tumultus

191 4224 380 4388 Saepe
403 4248 622 4356 monet,
650 4209 1032 4383 fraudemque
1055 4246 1115 4356 et
1136 4246 1341 4385 operta
1363 4216 1675 4349 tumescere
1698 4212 1865 4363 bella,

189 4473 297 4600 Ille
321 4471 493 4598 etiam
519 4469 780 4599 extincto
803 4470 1095 4605 miseratus
1119 4472 1359 4604 Caesare
1380 4476 1658 4657 Romam,

191 4737 406 4902 Qum
430 4758 607 4901 caput
629 4726 869 4859 obscura
888 4722 1143 4859 nitidum
1164 4724 1454 4899 ferrugine
1475 4729 1643 4874 texit,

193 4987 478 5157 Inpiaque
500 5015 795 5116 aeternam
816 4984 1138 5115 timuerunt
1156 4981 1343 5115 secula
1364 5016 1618 5118 noctem.

192 5245 497 5413 Tempore
517 5284 875 5427 quamquam
890 5235 992 5369 illo
1009 5234 1178 5375 tellus
1197 5284 1454 5409 quoque,
1473 5272 1532 5377 et
1550 5284 1807 5409 aequora
1823 5238 2009 5415 ponti,

194 5498 597 5664 Obscaenique
622 5542 811 5639 canes,
836 5499 1307 5668 inportunaeque
1325 5496 1588 5631 volucres

198 5757 372 5927 Signa
394 5752 630 5881 dabant.
675 5755 928 5923 Qroties
952 5750 1290 5924 Cyclopum
1314 5746 1586 5888 effervere
1606 5754 1668 5887 in
1691 5799 1857 5924 agros

194 6011 466 6140 Vidimus
489 6007 814 6136 undantem
835 6011 1019 6183 ruptis
1049 6006 1381 6145 fornacibus
1404 6017 1687 6156 Aetnam,

174 6268 709 6437 ‚Flammarumque
731 6266 955 6438 globos,
976 6262 1403 6443 liquefactaque
1424 6268 1656 6405 volvere
1677 6266 1833 6403 saxa!

197 6534 524 6652 Armorum
547 6524 797 6657 sonitum
819 6557 947 6657 toto
971 6523 1288 6659 Germania
1311 6522 1478 6659 coelo
1514 6656 1516 6659 ,

202 6782 439 6911 Audiit:
472 6779 707 6915 insolitis
729 6813 1093 6921 tremuerunt
1116 6780 1372 6921 motibus
1396 6783 1626 6981 Alpes,
