5074 8524
395 790 1969 1029 nnnnruosnrnntransm

160 1131 383 1265 Scindit
402 1136 462 1261 se
480 1131 689 1279 nubes,
714 1167 774 1263 et
797 1135 859 1259 in
883 1133 1115 1263 aethera
1136 1167 1349 1309 purgat
1370 1170 1657 1309 apertum
1764 1090 1765 1093 Ὺ
1876 1304 1878 1307 v

158 1392 391 1520 Restitit
414 1401 669 1534 Aeneas,
687 1389 964 1560 elataque
986 1391 1049 1517 in
1070 1390 1199 1517 luce
1221 1388 1456 1538 refulsit,
1616 1417 1623 1425 “

158 1657 247 1779 Os
270 1650 663 1817 humerosque
684 1645 803 1779 deo
822 1647 1041 1777 sunilis:
1080 1692 1341 1818 namque
1358 1650 1481 1823 ipsa
1499 1648 1777 1789 decoram
1939 1580 1948 1597 ⁰

158 1855 482 2035 Caesariem
503 1938 643 2031 nato
665 1906 945 2075 genetrix,
973 1905 1289 2079 lumenque
1304 1908 1585 2081 juventae

156 2168 540 2337 Purpureum,
563 2193 629 2287 et
650 2160 834 2291 laetos
853 2162 1033 2291 oculis
1057 2161 1299 2291 adflarat
1319 2164 1590 2295 honores.

155 2417 352 2590 Qrale
374 2462 580 2545 manus
603 2416 836 2546 addunt
857 2419 1019 2547 ebori
1042 2420 1238 2565 decus,
1266 2455 1368 2550 aut
1388 2421 1493 2553 ubi
1511 2419 1669 2558 flavo

153 2681 491 2847 Argentum
514 2675 788 2829 Pariusve
808 2672 955 2849 lapis
978 2675 1369 2809 circumdatur
1397 2723 1563 2809 auro,

156 2935 322 3058 Tum
340 2934 416 3058 fic
439 2931 695 3104 reginam
720 2932 1067 3104 adloquitur,
1096 2936 1434 3111 cunctisque
1455 2967 1701 3108 repente

155 3189 489 3361 Inprovisus
510 3189 616 3315 ait:
656 3191 894 3336 Coram,
922 3236 1103 3359 quem
1126 3194 1414 3363 quaeritis,
1443 3192 1645 3328 adsum
1696 3160 1701 3175 ⁴

155 3448 378 3572 Tqus
401 3450 656 3603 Aeneas,
684 3445 924 3618 Libycis
947 3480 1181 3619 ereptus
1204 3447 1279 3581 ab
1300 3446 1495 3579 undis.
1712 3520 1717 3529 ·

157 3707 219 3831 Ο
243 3700 359 3828 sola
380 3699 656 3845 infandos
677 3703 892 3878 Trojae
915 3703 1172 3831 miserata
1192 3702 1439 3851 labores,

159 3962 484 4129 Qraenos,
512 3959 780 4129 reliquias
806 3964 1101 4104 Danaum,
1128 3980 1429 4129 terraeque
1452 3956 1742 4128 marisque
1770 3979 1775 3989 '

159 4212 457 4342 Omnibus
480 4213 791 4343 exhaustos
803 4216 929 4389 jam
952 4214 1194 4361 casibus,
1215 4217 1481 4353 omnium
1504 4260 1738 4389 egenos,

126 4652 129 4657 Ι
157 4469 339 4615 Urbe,
369 4469 569 4617 domo,
593 4474 788 4602 socias.
832 4476 1045 4603 Grates
1068 4470 1386 4646 persolvere
1406 4471 1611 4644 dignan

157 4732 305 4856 Non
327 4730 454 4902 opis
478 4733 561 4856 est
579 4732 823 4879 nostrae,
852 4726 1046 4864 Dido:
1086 4776 1198 4866 nec
1220 4727 1510 4903 quidquid
1530 4727 1750 4898 ubique
1774 4726 1858 4856 est

160 4987 373 5114 Gentis
398 4984 747 5132 Dardaniae,
774 5030 1056 5156 magnum
1076 5031 1229 5154 quae
1247 4988 1429 5157 sparsa
1449 5032 1555 5158 per
1575 4984 1799 5115 orbem.

161 5245 249 5371 Di
270 5240 392 5385 tibi,
417 5243 463 5367 sr
484 5289 599 5411 qua
620 5243 750 5415 pios
770 5244 1095 5414 respectant
1113 5242 1375 5384 numina,
1398 5241 1441 5367 fi
1464 5240 1609 5413 quid

159 5507 420 5669 Usquam
436 5499 688 5675 justitiae
709 5501 809 5644 est,
834 5529 896 5626 et
915 5544 1081 5635 mens
1101 5496 1208 5629 fibi
1227 5498 1451 5635 conscia
1471 5499 1633 5641 recti,

161 5756 427 5887 Praemia
450 5754 626 5928 digna
647 5752 851 5884 ferant.
894 5760 1071 5926 Quae
1090 5788 1296 5885 tetam
1317 5750 1467 5885 laeta
1488 5754 1747 5888 tulerunt

166 6013 402 6143 Secula?
440 6016 541 6181 qui
563 6014 711 6140 tanti
730 6011 909 6140 talem
930 6058 1184 6184 genuere
1204 6013 1508 6188 parentet?

164 6277 238 6398 ln
261 6264 406 6397 freta
429 6268 573 6397 dum
595 6268 759 6400 fluvii
777 6276 1029 6414 ¹current,
1055 6268 1203 6398 dum
1222 6268 1522 6397 montibus
1543 6264 1790 6401 umbrae

165 6526 523 6656 Lustrabunt
546 6574 829 6672 convexa,
851 6527 1025 6702 polus
1049 6525 1197 6695 dum
1217 6527 1396 6656 sidera
1418 6526 1638 6699 pascetr

170 6790 413 6958 Semper
434 6786 644 6935 honor,
670 6830 1005 6961 numenque
1027 6817 1219 6936 tuum,
1243 6784 1562 6959 laudesque
1584 6773 1935 6916 manebunt:
