5106 8526
452 860 828 1039 Annuus
861 842 1096 990 D'OS.
1128 847 1233 987 LI
1258 860 1324 988 B.
1381 864 1455 988 II.
1513 902 1566 990 n.
1602 876 1748 1034 775.
1895 912 2023 1039 213

211 1154 375 1286 Tum
397 1155 472 1279 fic
497 1150 696 1296 adfari,
726 1183 785 1278 et
808 1197 969 1276 curas
993 1147 1344 1279 his'demere'
1364 1149 1559 1282 dictis:
1880 1163 1887 1173 '

212 1410 632 1586 Q1idtantum
656 1410 852 1537 insano
868 1409 1045 1581 juvat
1057 1404 1357 1577 indulgere
1381 1405 1587 1553 dolori,

214 1678 274 1800 O
299 1668 484 1798 dulcis
509 1665 773 1840 conjux?
797 1710 921 1789 non
942 1628 1088 1789 haec
1111 1663 1227 1790 sure
1250 1664 1494 1791 numine
1518 1638 1739 1805 Divom

210 1925 521 2054 Eveniunt.
567 1919 942 2057 Nee‘tehinc
968 1920 1246 2049 comitem
1270 1924 1556 2093 asportare
1574 1929 1856 2063 Creusam

213 2186 353 2311 Fas:
398 2212 500 2310 aut
521 2178 616 2313 ille
639 2177 771 2304 smit
791 2179 978 2349 superi
1000 2208 1269 2348 regnator
1292 2179 1556 2352 Olympi.
1766 2228 1769 2233 ·

215 2450 428 2610 Longa
449 2436 556 2564 tibi
579 2435 786 2578 exsrlia,
815 2468 875 2563 et
896 2436 1121 2561 vastum
1145 2436 1315 2561 maris
1341 2482 1562 2606 aequor
1583 2440 1889 2571 arandum
1989 2604 1995 2613 ι

218 2702 299 2827 Et
322 2731 532 2823 terram
557 2694 896 2864 Hesperiam
917 2693 1139 2817 venies:
1180 2689 1283 2817 ubi
1305 2693 1548 2862 Lydius,
1577 2745 1711 2826 arua

220 2962 383 3081 Inter
404 2951 603 3123 opima
626 2949 836 3092 virum,
864 2947 981 3073 leni
1002 2946 1132 3073 fluit
1155 2947 1387 3117 agmine
1411 2950 1688 3123 Thybris.

221 3213 348 3338 Illic
371 3255 460 3335 res
482 3207 683 3348 laetae,
711 3252 1089 3374 regnumque,
1119 3236 1177 3331 et
1204 3207 1357 3374 regia
1380 3211 1598 3383 conjux

223 3473 401 3594 Parta
424 3458 555 3589 tibi:
596 3460 858 3585 lacrimas
884 3460 1126 3586 dilectae
1149 3460 1304 3631 pelle
1329 3466 1596 3591 Creusae.

223 3730 375 3851 Non
398 3765 509 3892 ego
533 3715 986 3888 Myrmidonum
1008 3714 1168 3843 sedes
1194 3717 1573 3892 Dolopumve
1595 3722 1866 3895 superbas

227 3977 591 4151 Adspiciam,
620 4008 722 4099 aut
746 3976 937 4149 Grajis
958 3975 1227 4101 servitum
1252 3977 1531 4106 matribus
1553 3980 1671 4134 ibo,

230 4232 548 4375 Dardanis,
574 4262 636 4357 et
658 4228 825 4357 divae
847 4231 1091 4358 Veneris
1115 4276 1323 4357 nurus:

231 4490 357 4621 Sed
378 4538 473 4617 me
496 4534 706 4658 magna
732 4488 936 4615 Derim
960 4489 1233 4615 Genitrix
1255 4488 1344 4616 his
1370 4486 1594 4620 detinet
1616 4495 1746 4621 oris.

87 4800 90 4807 ’
234 4756 492 4920 Jamque
513 4744 657 4888 vale,
686 4777 746 4872 et
768 4746 891 4870 nati
912 4747 1066 4872 serva
1090 4747 1418 4873 communis
1442 4795 1719 4876 amorem.

237 5009 405 5131 Haec
427 5002 533 5129 ubi
555 4999 710 5127 dieta
733 4999 912 5142 dedit,
940 5000 1354 5144 lacrimantem,
1384 5034 1443 5127 et
1465 5005 1650 5133 multa
1671 5008 1970 5139 volentem

242 5263 472 5403 Dicere,
502 5256 762 5401 deseruit,
791 5258 1097 5425 tenuisque
1119 5252 1335 5384 reeeffit
1358 5259 1421 5384 in
1444 5307 1624 5390 auras.

243 5523 366 5646 Ter
390 5550 632 5645 conatus
654 5515 739 5640 ibi
764 5514 915 5641 collo
939 5512 1075 5641 dare
1098 5513 1334 5642 brachia
1358 5517 1602 5670 eircum;

244 5781 368 5903 Ter
388 5773 589 5901 frustra
610 5774 944 5944 comprensa
967 5818 1173 5941 manus
1197 5769 1395 5945 effugit
1417 5776 1629 5947 imag0,

249 6041 361 6160 Par
381 6029 605 6158 levibus
627 6030 830 6173 ventis,
858 6029 1196 6198 volucrique
1218 6031 1500 6158 srmillima
1522 6036 1741 6163 somno,
1865 6026 1867 6030 ὗ

250 6293 345 6419 Sic
371 6286 612 6415 demum
633 6282 813 6413 socios
838 6290 1136 6415 consumta
1158 6323 1334 6417 noete
1357 6290 1553 6418 reviso,

337 6554 545 6715 Atque
569 6544 664 6670 hic
687 6545 982 6716 ingentem
1008 6548 1292 6673 comitum
1317 6499 1614 6678 adfluxiffe
1635 6584 1925 6704 novorum

253 6805 496 6934 Invenio
520 6802 811 6934 admirans
834 6848 1145 6933 numerum
1157 6878 1172 6957 ;
1204 6838 1549 6979 matresque,
1576 6810 1861 6981 virosque,

1092 7092 1117 7192 3
1152 7068 1195 7147 Η
