5106 8526
444 832 1033 977 auvaroos
1089 832 1288 972 rra.
1346 832 1451 969 m.
1508 832 1735 1012 msa
1872 875 1996 1008 ιη

179 1138 323 1313 Qra
344 1139 570 1263 cursum
592 1169 919 1304 ventusque
941 1129 1410 1304 gubernatorque
1432 1132 1741 1262 vocabant.

186 1408 322 1571 Jam
346 1396 544 1524 medio
570 1393 811 1567 adparet
832 1388 1017 1521 fluctu
1040 1392 1340 1518 nemorosa
1364 1391 1713 1563 Zacynthos,

186 1653 668 1822 Dulichiumque,
698 1656 1002 1817 Sameque,
1032 1681 1092 1777 et
1116 1645 1354 1777 Neritos
1378 1648 1560 1777 ardua
1580 1650 1763 1778 sarcis.¹

184 1912 507 2083 Effugimus
530 1907 796 2082 scopulos
821 1906 1072 2048 Ithacae,
1102 1906 1337 2032 Labrtia
1360 1953 1552 2077 regna,

187 2179 266 2300 Et
288 2204 497 2298 terram
521 2164 777 2295 altricem
799 2164 948 2293 saevi
971 2163 1328 2290 exsecramur
1350 2161 1528 2291 Ulixi.

187 2436 346 2557 Mox
370 2459 430 2553 et
451 2432 744 2557 Leucatae
765 2419 1029 2553 nimbosa
1052 2420 1355 2547 cacumina
1377 2424 1612 2569 montis,

189 2692 270 2817 Et
292 2625 635 2811 formidatus
658 2679 847 2809 nautis
873 2677 1127 2852 aperitur
1148 2678 1394 2851 Apollo

191 2948 375 3071 Hunc
399 2939 654 3112 petimus
678 2933 812 3080 feffi,
841 2967 901 3065 et
921 2982 1133 3107 parvae
1156 2934 1516 3063 succedimus
1539 2930 1689 3064 urbia

192 3197 484 3328 Anchora
508 3195 582 3324 de
606 3240 779 3366 prora
792 3194 1021 3367 jacitur.
1069 3198 1238 3321 Stant
1259 3191 1426 3320 litore
1449 3240 1699 3369 puppes

284 3460 440 3623 Ergo
464 3452 746 3624 insperata
768 3447 1012 3577 tandem
1035 3446 1241 3575 tellure
1261 3451 1453 3620 potiti,

193 3713 652 3877 Lustramurquc
676 3708 832 3875 Jovi‚
859 3706 1125 3873 votisque
1148 3705 1515 3907 incendimus
1540 3752 1662 3836 aras
1669 3774 1689 3858 ς

195 3971 498 4137 Actiaque
521 3963 705 4092 Iliacis
730 3961 1087 4091 celebramus
1109 3960 1279 4089 litora
1301 3960 1470 4090 ludis.

196 4233 496 4355 Exercent
516 4220 730 4396 patrias
754 4219 887 4351 oleo
911 4219 1144 4348 labente
1167 4219 1474 4392 palaestras

115 4446 118 4451 Ι
198 4480 433 4613 Nudati
455 4479 606 4607 socii.
651 4482 834 4645 Juvat
857 4474 1081 4605 evaslsse
1105 4507 1195 4603 tot
1215 4476 1375 4605 urbis

203 4738 531 4911 Argolicas,
559 4734 902 4903 mediosque
925 4731 1125 4903 sugam
1149 4730 1389 4861 tenuisse
1412 4781 1518 4907 per
1539 4732 1731 4866 hostis.

203 5004 436 5124 Interea
460 5035 740 5162 magnum
762 4988 845 5120 sol
869 4988 1339 5118 circumvolvitur
1360 5037 1601 5137 annum,

207 5262 289 5382 Et
310 5248 560 5424 glacialis
582 5246 769 5376 biems
793 5246 1160 5419 aquilonibus
1185 5249 1404 5420 asperat
1425 5240 1639 5377 undas.¹

209 5519 375 5640 Aere
399 5554 543 5634 cavo
569 5506 842 5679 clipeum,
871 5506 1069 5679 magni
1090 5509 1384 5677 gestamen
1408 5507 1687 5679 Abantis,

210 5766 479 5893 Postibus
503 5763 749 5895 adverfis
770 5763 909 5933 figo,
937 5796 998 5892 et
1018 5810 1143 5893 rem
1167 5764 1422 5892 carmine
1444 5767 1640 5938 srgnot

213 6031 531 6152 Anunns
572 6064 767 6152 nnuc
807 6065 897 6149 nu
938 6064 1219 6148 unnnrs
1259 6066 1705 6154 vrcvonrnus
1749 6063 1977 6153 naun.

211 6281 513 6450 Linquere
535 6312 663 6409 tum
686 6312 891 6454 portus
907 6277 1109 6455 jubeo,
1137 6311 1197 6405 et
1221 6279 1514 6409 confidere
1537 6281 1805 6415 transtris.

218 6538 508 6665 Certatim
530 6538 666 6667 socii
689 6535 906 6667 feriunt
928 6583 1104 6683 mare,
1133 6571 1193 6666 et
1215 6583 1469 6708 aequora
1490 6576 1744 6673 verrunt.

83 6882 90 6895 ι
218 6798 510 6927 Protenus
534 6797 712 6928 obrias
739 6797 1076 6928 Phaeacum
1099 6795 1504 6928 abscondimus
1527 6798 1705 6959 arcesss
