5202 8512
497 827 1660 1015 uonoonrnnm.
1918 888 1993 1019 m

179 1130 370 1262 Lenta
391 1130 527 1261 salix
551 1132 712 1261 foeto
736 1134 953 1305 pecori,
972 1129 1116 1256 mihi
1137 1129 1286 1258 solus
1309 1137 1625 1304 Amyntas.

181 1398 260 1519 D.
306 1391 493 1519 Pollio
519 1425 676 1518 amat
698 1391 966 1534 nostram,
996 1389 1258 1562 quamvis
1282 1390 1363 1515 est
1383 1391 1603 1536 rustica,
1630 1393 1887 1519 Musam

180 1649 452 1793 Pierides,
480 1646 720 1776 vitulam
739 1647 941 1772 lectori
962 1646 1172 1818 pascite
1193 1646 1394 1773 vestro

176 1911 267 2031 M.
306 1903 494 2031 Pollio
518 1936 577 2031 et
598 1906 714 2077 ipse
737 1900 877 2029 facit
898 1950 1052 2029 nova
1075 1903 1355 2028 earmina:
1385 1903 1594 2075 pascite
1616 1922 1870 2049 taurum,
1899 1850 1903 1856 .

177 2169 315 2330 Jam
338 2206 522 2288 cornu
545 2193 724 2333 petat,
754 2194 814 2286 et
833 2157 1081 2333 pedibus
1105 2159 1206 2326 qui
1226 2161 1449 2331 spargat
1471 2209 1721 2289 arenam.

181 2423 259 2544 D.
307 2420 432 2588 Qu
453 2453 530 2561 te,
560 2417 763 2562 Polli0‚
792 2449 965 2561 amat,
992 2415 1203 2559 ueniat,
1233 2463 1353 2584 quo
1377 2450 1435 2542 te
1459 2392 1697 2587 quoque
1719 2419 1950 2592 gaudet.

179 2672 361 2800 Mella
383 2673 571 2800 fluant
591 2673 687 2817 illi,
715 2671 861 2800 serat
883 2707 942 2800 et
963 2671 1143 2846 rubus
1168 2674 1326 2843 asper
1347 2716 1667 2845 amomum.
1735 2742 1739 2753 ·
1770 2794 1775 2801 .

180 2930 268 3056 Μ.
308 2931 433 3099 Qu
456 2877 700 3056 Bavium
723 2898 847 3061 non
869 2917 1011 3072 odit,
1034 2961 1191 3054 amet
1212 2962 1314 3055 tua
1337 2930 1606 3076 carmina,
1628 2919 1858 3061 Maeuia·

179 3193 387 3356 Atque
411 3186 569 3313 idem
584 3189 794 3360 jungat
813 3186 1036 3357 vulpes,
1060 3217 1119 3310 et
1141 3184 1397 3355 mulgeat
1417 3182 1623 3313 hircos

182 3439 260 3577 D.
301 3443 427 3613 Qu
449 3440 632 3616 legitis
655 3443 844 3588 flores,
873 3475 933 3568 et
954 3436 1122 3566 humi
1144 3442 1430 3568 nascentia
1452 3440 1626 3614 fraga,
1775 3384 1778 3389 =

179 3700 459 3870 Frigidus,
487 3747 524 3825 o
547 3702 729 3873 pueri,
758 3696 939 3870 fugite
961 3698 1116 3842 hinc,
1143 3698 1285 3825 latet
1306 3701 1507 3869 anguis
1529 3700 1591 3825 in
1613 3698 1811 3830 herba.
1929 3600 1935 3609 ⁸

177 3963 268 4087 Μ.
292 3954 530 4083 vParcite
554 3994 691 4083 oves
714 3956 960 4080 nimium
983 3954 1326 4127 procedere:
1359 3996 1482 4080 non
1505 3954 1655 4084 bene
1678 3958 1834 4130 ripae

183 4210 482 4342 Creditur:
515 4205 632 4383 ipse
655 4212 797 4337 aries
820 4210 995 4336 etiam
1016 4252 1175 4334 nunc
1197 4209 1406 4338 vellera
1428 4206 1613 4338 srecat.

182 4471 261 4599 D.
305 4469 531 4640 Tityre,
559 4458 839 4637 pascentis
863 4513 896 4590 a
917 4453 1158 4590 flumine
1180 4465 1329 4590 reice
1354 4466 1627 4637 capellas:

182 4728 325 4899 lpse,
354 4721 457 4853 ubi
477 4756 712 4894 tempus
736 4716 858 4866 erit,
887 4723 1077 4848 omnis
1096 4721 1159 4845 in
1180 4717 1348 4848 sonte
1370 4721 1597 4849 lavabo

181 4981 271 5110 Μ.
311 4983 521 5154 Cogite
545 4980 686 5123 ovis,
715 4977 907 5150 pueri:
948 4978 1100 5103 filac
1122 4979 1479 5148 praeceperit
1498 4978 1698 5124 aestus,

181 5240 269 5364 Ut
291 5285 495 5410 nuper,
522 5231 723 5360 frustra
744 5229 1120 5404 pressabimus
1144 5232 1323 5361 ubera
1344 5234 1569 5405 palmis.

183 5490 263 5621 D.
309 5494 465 5638 Heu,
482 5490 619 5636 heu,
633 5534 810 5661 quam
832 5483 1034 5661 pingui
1058 5534 1249 5616 macer
1267 5495 1349 5617 est
1370 5493 1515 5617 mihi
1533 5525 1730 5619 taurus
1750 5483 1812 5618 in
1831 5487 1992 5623 ervo!

182 5748 352 5876 Idem
374 5791 538 5876 amor
559 5747 804 5875 exitium
827 5748 1039 5918 pecori,
1068 5749 1408 5917 pecorisque
1432 5728 1714 5920 magistro

182 6002 271 6131 Μ.
309 6004 418 6132 His
439 6034 592 6132 certe
614 6050 806 6172 neque
830 5954 993 6129 amor
1014 5994 1202 6128 caussa
1224 6002 1330 6131 est:
1361 6005 1462 6132 vix
1486 6001 1695 6133 offibus
1718 6006 1975 6134 haerent.

183 6250 392 6389 Nescio
417 6262 544 6430 quis
568 6295 796 6388 teneros
820 6258 1022 6387 oculus
1046 6258 1191 6383 mihi
1212 6257 1445 6388 fascinat
1468 6308 1663 6432 agnos.

184 6518 263 6647 D.
310 6517 442 6665 Dic,
472 6517 681 6689 quibus
704 6518 766 6645 in
789 6492 965 6665 terris,
996 6552 1055 6649 et
1078 6518 1184 6647 eris
1208 6518 1353 6646 mihi
1375 6565 1619 6693 magnus
1642 6516 1888 6693 Apollo,
