5106 8526
420 832 1012 1031 Asu-ursos
1069 889 1264 1013 rm
1324 886 1428 1013 su.
1496 930 1732 1058 v.545.
1867 922 1989 1055 ψ

174 1175 424 1307 Inferar?
465 1210 524 1302 et
549 1223 696 1344 quos
723 1173 964 1302 Sidonia
986 1178 1086 1305 vix
1110 1176 1255 1303 urbe
1277 1177 1494 1324 revelli,

173 1437 395 1563 Rursus
419 1480 588 1609 agam
610 1432 840 1606 pelago,
870 1466 929 1561 et
949 1436 1137 1562 ventis
1160 1432 1298 1561 dare
1319 1434 1449 1562 vela
1461 1433 1724 1609 jubebo?
1753 1552 1757 1559 .

176 1693 345 1862 Qsin
367 1634 611 1834 morere,
639 1723 708 1815 ut
730 1690 936 1817 merita
957 1738 1044 1817 es:
1087 1689 1357 1859 ferroque
1380 1726 1574 1819 averte
1598 1692 1880 1824 dolorem.

174 1954 278 2076 Tu
299 1949 544 2089 lacrimis
568 1948 751 2078 evicta
764 1949 932 2092 meis,
961 1980 1027 2074 tu
1049 1948 1239 2119 prima
1261 1945 1554 2076 furentem
1709 2044 1713 2051 ·

176 2207 304 2348 His,
333 2250 624 2376 germana,
652 2203 821 2330 malis
842 2250 1062 2347 oneras,
1093 2236 1270 2372 atque
1292 2204 1499 2379 objicis
1522 2202 1689 2333 hosti.

177 2467 324 2590 Non
346 2461 511 2587 licuit
533 2458 774 2586 thalami
798 2492 1100 2633 expertem
1122 2464 1241 2588 srne
1264 2464 1505 2589 crimine
1528 2462 1711 2590 vitam
1788 2602 1794 2611 ,

180 2725 412 2889 Degere
435 2764 600 2851 more
623 2714 795 2861 ferae,
825 2716 953 2844 talis
975 2765 1087 2843 nec
1110 2751 1345 2890 tangere
1369 2720 1569 2847 curas?

181 2984 327 3106 Non
348 2978 563 3153 servata
584 2970 747 3117 fides,
777 2976 953 3101 cineri
975 2972 1247 3147 promitio
1273 2975 1535 3102 Sichaeo

182 3239 412 3375 Tantos
435 3230 530 3357 illa
552 3233 654 3356 suo
678 3231 991 3403 rumpebat
1010 3265 1250 3405 pectore
1275 3234 1524 3400 questus.

272 3496 511 3616 Aeneas
535 3485 678 3612 celsa
698 3487 761 3610 in
782 3490 990 3658 puppi,
1011 3489 1137 3661 jam
1162 3519 1349 3614 certus
1375 3485 1573 3632 eundi,

188 3744 487 3918 Carpebat
508 3745 756 3885 somnos,
783 3742 955 3870 rebus
970 3742 1096 3918 jam
1119 3744 1225 3894 rite
1247 3745 1478 3914 paratis.

186 4005 348 4134 Huic
370 4003 426 4127 se
449 3996 638 4125 forma
661 4001 777 4126 Dei
799 3999 968 4125 voltu
990 3996 1285 4141 redeuntis
1309 3995 1523 4126 eodem

192 4257 431 4390 Obtulit
452 4258 515 4383 in
536 4257 764 4400 somnis,
791 4257 1096 4425 rursusque
1118 4258 1199 4381 ita
1219 4258 1333 4382 visa
1357 4298 1595 4383 monere
1620 4261 1750 4409 est3'

193 4517 416 4650 Omnia
438 4516 735 4653 Mercurio
757 4512 966 4657 smilis,
992 4558 1336 4680 vocemque,
1367 4508 1759 4686 coloremque,

193 4782 274 4901 Et
297 4774 464 4900 crinis
485 4769 684 4914 flavos,
713 4802 773 4896 et
794 4769 1058 4896 membra
1081 4768 1294 4897 decora
1309 4773 1620 4946 juventae:

195 5039 356 5159 Nate
382 5036 530 5170 Dea,
558 5060 727 5199 potes
750 5025 866 5151 hoc
886 5025 990 5152 sub
1015 5024 1146 5152 casu
1168 5024 1378 5154 ducere
1401 5028 1671 5153 somnos?
1755 4974 1759 4983 .

200 5296 350 5431 Nec,
381 5334 531 5457 quae
553 5317 612 5411 te
636 5284 853 5410 circum
876 5285 1026 5411 stent
1048 5282 1262 5411 deinde
1283 5284 1556 5457 pericula,
1586 5283 1799 5412 cernis?

203 5546 492 5674 Demens!
526 5589 634 5667 nec
659 5541 958 5714 Zephyros
982 5540 1147 5669 audis
1168 5544 1375 5714 spirare
1396 5540 1710 5669 secundos?

202 5802 311 5928 Illa
334 5801 519 5956 dolos,
549 5799 856 5967 dirumque
880 5794 1039 5925 nefas
1062 5800 1124 5926 in
1148 5833 1389 5972 pectore
1410 5798 1610 5944 versat,

206 6063 386 6185 Certa
408 6060 573 6201 mori,
599 6058 878 6223 varioque
900 6056 1115 6182 irarum
1137 6055 1383 6184 fluctuat
1405 6058 1578 6184 aestu.

204 6323 353 6443 Non
375 6311 522 6486 fugis
545 6314 685 6447 hinc
705 6358 1000 6486 praeceps,
1031 6313 1176 6441 dum
1199 6314 1578 6486 praecipitare
1599 6315 1883 6487 potestas?

207 6580 345 6741 Jam
370 6619 528 6706 mare
551 6570 770 6698 turbari
792 6571 1073 6716 trabibus,
1101 6573 1407 6743 saevasque
1429 6569 1654 6702 videbis

212 6828 545 6959 Conlucere
568 6826 742 6975 faces,
763 6831 888 7005 jam
911 6825 1319 7000 ferverelitora
1340 6827 1614 6980 flammis;
