5106 8526
455 840 1753 1040 Anunlnosnrn.1v.v.45'3.
1887 830 2048 1059 5267,

192 1153 376 1301 Vidit,
406 1159 727 1284 turicremis
753 1204 938 1326 quum
960 1144 1128 1283 'dona'
1143 1158 1452 1329 inponeret
1475 1161 1599 1302 aris,

194 1414 597 1578 (Horrendum
622 1413 806 1577 dictu)
837 1414 1032 1541 latices
1055 1415 1368 1585 nigrescere
1389 1419 1594 1561 sacros

189 1673 452 1841 Fusaque
476 1674 539 1797 in
561 1671 911 1797 obscaenum
933 1671 987 1797 se
1010 1708 1231 1799 vertere
1254 1675 1389 1800 vina
1415 1716 1697 1801 cruorem.

28 1986 32 1997 ·
188 1935 326 2054 Hoc
347 1930 530 2111 visum
552 1928 712 2070 nulli,
741 1974 865 2053 non
887 1930 991 2099 ipsr
1014 1925 1182 2055 effata
1210 1931 1401 2057 sorori.

190 2190 494 2314 Praeterea
516 2182 626 2311 suit
649 2187 712 2309 in
735 2186 900 2310 tectis
926 2184 1000 2311 de
1025 2232 1314 2313 marmore
1337 2178 1627 2359 templum

188 2432 735 2619 Conjugis'antiqui
752 2434 914 2566 ⁸miro
938 2443 1102 2611 quod
1124 2443 1349 2570 honore
1375 2442 1623 2587 colebat,

184 2698 512 2828 Velleribus
536 2701 716 2825 niveis
741 2732 800 2825 et
821 2686 960 2826 festa
984 2697 1193 2828 fronde
1218 2704 1561 2828 revinctum.

185 2960 345 3084 Hinc
369 2956 632 3083 exaudiri
654 3003 825 3084 voces
850 2991 909 3084 et
930 2956 1107 3084 verba
1129 2960 1391 3084 vocantis

142 3284 151 3300 ·
184 3216 322 3341 Visa
343 3216 448 3343 viri
456 3287 471 3365 ;
504 3207 627 3339 nox
652 3256 838 3383 quum
862 3247 1038 3340 terras
1062 3212 1301 3340 obscura
1324 3246 1576 3340 teneret:

189 3470 442 3641 Solaque
466 3448 999 3597 culminibus'ferali
1023 3472 1277 3595 carmine
1301 3468 1465 3596 bubo

189 3737 377 3899 Saepe
401 3729 581 3896 queri,
609 3759 668 3851 et
690 3723 892 3895 longas
916 3725 1205 3852 infletum
1230 3723 1445 3853 ducere
1468 3772 1660 3853 voces,

189 3983 504 4152 Multaque
526 4014 823 4155 praeterea
844 4013 1047 4108 vatum
1071 3984 1368 4155 praedicta
1390 3985 1624 4155 piorum

187 4238 459 4369 Terribili
482 4242 713 4366 monitu
735 4238 1092 4365 horrificant.
1137 4241 1288 4411 Agit
1309 4241 1426 4414 ipse
1449 4235 1740 4397 furentem

186 4505 262 4627 ln
281 4498 498 4624 somnis
522 4492 676 4623 ferus
701 4499 967 4623 Aeneas:
1007 4499 1347 4668 semperque
1369 4496 1618 4665 relinqui

189 4754 327 4883 Sola
353 4753 473 4897 fibi,
501 4753 724 4925 semper
744 4752 982 4923 longam
1005 4755 1345 4881 incomitata
1367 4753 1601 4882 videtur

189 5021 282 5142 Ire
305 5014 477 5156 viam,
507 5045 566 5136 et
589 5010 804 5181 Tyrios
829 5010 1046 5136 deserta
1071 5055 1346 5179 quaerere
1369 5043 1535 5135 terra.

185 5266 588 5397 Eumenidum
609 5264 791 5392 veluti
814 5262 1055 5417 demens
1078 5265 1240 5394 videt
1262 5266 1493 5438 agmina
1520 5266 1834 5413 Pentheus,

188 5534 269 5654 Et
289 5526 465 5654 solem
489 5526 809 5696 geminum,
839 5557 899 5650 et
921 5522 1166 5697 duplicis
1188 5527 1243 5650 se
1267 5524 1570 5650 ostendere
1593 5525 1862 5653 Thebas:

190 5793 329 5912 Aut
353 5782 865 5953 Agamemnonius
885 5776 1100 5908 scaenis
1122 5783 1367 5954 agitatus
1394 5784 1651 5935 Orestes;

191 6049 510 6168 Armatam
534 6034 755 6166 facibus
780 6073 1025 6165 matrem
1050 6073 1109 6166 et
1130 6039 1489 6212 serpentibus
1511 6042 1648 6166 atris

194 6303 410 6468 Qum
432 6295 598 6467 fugit,
626 6263 981 6465 ultricesque
998 6295 1199 6423 sedent
1221 6299 1284 6423 in
1306 6282 1505 6423 limine
1531 6297 1727 6424 Dirae.

285 6559 441 6725 Ergo
464 6552 569 6679 ubi
592 6548 860 6727 concepit
874 6555 1082 6681 'Furias
1108 6556 1292 6683 evicta
1316 6553 1538 6698 dolore,

196 6813 593 6981 Decrevitque
618 6812 768 6938 mori
776 6883 791 6963 ;
824 6845 1058 6986 tempus
1080 6815 1275 6942 secum
1299 6815 1416 6987 ipsa
1440 6810 1802 6980 modumque
