5106 8526
479 855 1774 1027 nuNE·1D.o.SL113.1V.v.2'69.
1904 869 2124 1059 259,
2306 870 2308 877 ’

210 1151 525 1319 Regnator,
556 1148 789 1279 coelum
813 1182 873 1276 et
895 1183 1071 1277 terras
1095 1148 1198 1318 qui
1220 1149 1464 1276 numine
1487 1182 1751 1320 torquet:
1792 1272 1796 1281 .

209 1409 334 1580 Ipse
356 1404 504 1535 haec
526 1405 672 1534 ferre
686 1405 859 1582 jubet
883 1398 1081 1534 celeris
1107 1404 1382 1533 mandata
1403 1455 1511 1581 per
1532 1454 1715 1537 aurae.
1907 1516 1910 1521 ⁴

207 1662 377 1832 Qud
399 1663 604 1792 turus?
631 1695 734 1790 aut
758 1711 877 1833 qua
895 1665 994 1836 spe
1017 1662 1414 1834 Libyeisteris
1437 1664 1557 1791 otia
1579 1663 1774 1793 terris?
1930 1776 1934 1783 .
1962 1772 1968 1779 .

206 1920 267 2045 Si
289 1954 348 2047 te
371 1920 531 2047 nulla
554 1955 755 2048 movet
778 1954 1076 2048 tantarum
1097 1918 1280 2091 gloria
1302 1967 1513 2064 rerum,

203 2178 334 2305 Nec
353 2181 522 2350 super
543 2178 661 2350 ipse
683 2211 788 2303 tua
811 2176 1024 2304 moliris
1048 2176 1222 2305 laude
1243 2175 1531 2327 laborem3
1582 2282 1586 2285 .

201 2435 525 2562 Ascanium
546 2437 893 2604 surgentem,
923 2468 983 2561 et
1001 2437 1129 2608 'spes
1152 2432 1382 2561 heredis
1406 2432 1540 2559 Iuli.
1653 2384 1709 2397 ἢ·
1815 2597 1821 2609 .
2018 2540 2022 2551 ⁴

200 2694 447 2866 Respice
457 2764 472 2843 3
509 2693 604 2818 cui
626 2737 873 2862 regnum
898 2690 1095 2821 Italiae
1117 2688 1707 2860 Romanaquetellus
1775 2792 1779 2811 ,

202 2947 532 3077 Debentur.
576 2947 713 3075 Tali
737 2948 1039 3120 Cyllenius
1063 2995 1162 3075 ore
1186 2948 1420 3075 locutus
1529 3064 1533 3069 .

199 3206 467 3332 Mortalis
478 3206 637 3333 :visus
660 3204 859 3332 medio
881 3209 1143 3333 sermone
1169 3205 1419 3376 reliquit,
1609 3320 1615 3329 ,

199 3465 280 3590 Et
300 3462 508 3635 procul
530 3462 594 3588 in
613 3493 854 3589 tenuem
879 3511 955 3589 ex
978 3461 1164 3589 oculis
1187 3465 1423 3590 evanuit
1446 3506 1698 3590 auram..
1808 3572 1812 3577 .
1920 3516 1939 3584 ³.
2016 3564 2026 3581 r

200 3730 295 3850 At
315 3766 454 3848 vero
478 3727 717 3847 Aeneas
742 3718 1018 3892 adspectu
1041 3717 1341 3845 obmutuit
1364 3765 1583 3862 amens,
1683 3726 1690 3735 ’
1765 3830 1769 3841 ,

201 3977 620 4146 Adrectaeque
640 3977 882 4103 horrore
901 4022 1128 4120 comae,
1158 4009 1218 4102 et
1235 4017 1360 4102 vox
1384 3971 1650 4103 faucibus
1673 3970 1870 4109 haefit.
1931 4130 1938 4142 .
2016 4070 2025 4085 ·

201 4232 400 4364 Ardet
422 4233 582 4361 abire
601 4232 757 4405 fuga,
787 4233 1092 4402 dulcisque
1114 4231 1438 4401 relinquere
1460 4265 1661 4378 terras,
1700 4348 1705 4353 .

200 4489 532 4621 Adtonitus
555 4526 723 4619 tanto
746 4491 978 4617 monitu
1000 4488 1366 4662 imperioque
1380 4487 1656 4616 deorum.
1687 4496 1690 4501 ’

196 4755 342 4877 Heu
364 4746 510 4918 quid
530 4747 694 4919 agat?
730 4793 851 4917 quo
874 4795 1034 4874 nunc
1056 4748 1318 4915 reginam
1348 4743 1571 4873 ambire
1591 4742 1884 4873 furentem

200 5005 449 5145 Audeat
469 4999 704 5131 adfatu?
742 5050 892 5172 quae
914 5004 1102 5176 prima
1125 4997 1369 5127 exordia
1390 5002 1609 5135 sumat?

203 5272 413 5432 Atque
437 5262 700 5415 animum
723 5306 883 5387 nunc
906 5261 1025 5387 hue
1049 5256 1314 5402 celerem,
1340 5303 1501 5385 nunc
1524 5255 1734 5408 dividit
1752 5256 1910 5404 illue,
2005 5376 2010 5387 .

202 5526 275 5648 In
297 5521 591 5694 partisque
614 5518 766 5691 rapit
786 5521 985 5663 varias,
1013 5562 1235 5690 perque
1258 5516 1458 5642 omnia
1479 5517 1677 5644 versat

202 5782 370 5905 Haec
394 5775 704 5902 alternanti
725 5777 922 5951 potior
939 5774 1219 5902 sententia
1242 5773 1356 5901 visa
1379 5774 1487 5903 est:

205 6034 515 6163 Mnesthea
540 6037 983 6204 Sergestumque
1003 6064 1197 6174 vocat,
1226 6028 1554 6200 fortemque
1579 6028 1947 6187 Cloanthum
2007 6116 2020 6137 -·

209 6287 460 6420 Classem
484 6325 691 6463 aptent
711 6293 888 6435 taciti,
914 6290 1098 6416 socios
1121 6286 1199 6417 ad
1218 6286 1387 6415 litora
1409 6321 1648 6459 cogant;
1860 6400 1866 6407 .
2004 6300 2022 6323 “’

211 6556 403 6675 Arma
422 6562 646 6721 parent,
678 6581 753 6694 et,
784 6595 935 6717 quae
954 6550 1025 6674 fit
1038 6544 1219 6674 rebus
1244 6541 1432 6673 caussi
1452 6542 1759 6694 novandis,

174 6799 599 6971 .Diffimulent.
648 6809 778 6937 Sese
800 6808 1036 6952 interea,
1049 6802 1303 6975 :qnando
1326 6774 1747 6982 optimaDido
1849 6916 1863 6933 ,,
1924 6916 1928 6921 .
