5106 8526
439 933 1038 1072 AENEI'DOS
1094 945 1290 1074 LIB.
1347 949 1421 1075 ll.
1477 992 1534 1076 v.
1567 952 1714 1120 269.
1867 995 1981 1120 191

174 1238 403 1409 Incipit,
433 1269 493 1364 et
515 1234 676 1363 dono
702 1232 928 1362 Divrlm
950 1227 1252 1404 gratiffima
1273 1235 1459 1407 serpit.

173 1504 245 1623 In
265 1496 496 1638 somnis,
524 1504 676 1635 ecce,
706 1525 841 1617 ante
864 1488 1066 1616 oculos
1088 1485 1479 1619 maestilliruus
1501 1497 1735 1622 Hector

171 1753 339 1880 Visus
364 1747 552 1879 adesse
570 1748 736 1892 mihi,
763 1746 1067 1920 largosque
1090 1743 1389 1876 effundere·
1412 1748 1609 1902 fletus,

169 2014 462 2181 Raptatus
486 2004 648 2175 bigis,
677 2038 745 2138 ut
768 2002 1086 2174 quondam,
1117 2039 1354 2175 aterque
1378 2042 1620 2137 cruento

172 2264 434 2409 Pulvere,
463 2272 684 2436 perque
706 2260 889 2434 pedes
914 2262 1183 2436 trajectus
1206 2263 1331 2388 lora
1351 2264 1646 2392 tumentis.

166 2520 288 2650 Hei
309 2519 470 2665 mihi,
499 2517 691 2691 qualis-
707 2520 852 2645 erat!
891 2547 1177 2688 quantum
1202 2534 1461 2647 mutatus
1484 2518 1560 2649 ab
1581 2517 1683 2647 illo
1873 2556 1878 2567 ·

168 2782 448 2923 Hectore,
477 2778 580 2948 qui
600 2775 751 2902 redit
773 2778 1010 2903 exuvias
1033 2775 1272 2903 indutus
1297 2775 1540 2922 Achilli,

165 3034 284 3161 Vel
309 3035 594 3161 Danalun
616 3032 901 3205 Phrygios
916 3031 1204 3207 jaculatus
1226 3031 1529 3206 puppibus
1550 3033 1724 3204 ignis!

168 3288 549 3460 Squalentem
572 3289 831 3433 barbam,
860 3323 921 3415 et
943 3282 1246 3418 concretoe
1269 3291 1542 3461 sanguine
1567 3290 1760 3434 crinis,

164 3546 545 3717 Vulneraque
566 3544 668 3671 illa·
682 3524 903 3716 gerens,
934 3589 1084 3713 quae
1109 3546 1327 3672 circum
1351 3545 1606 3721 plurima
1627 3591 1825 3674 muros

165 3802 436 3976 Adcepit
457 3802 690 3975 patrios.
734 3801 907 3926 Ultro
929 3798 1075 3927 flens
1098 3802 1217 3973 ipse
1238 3801 1481 3929 videbar

169 4058 525 4233 Conpellare
546 4032 752 4201 virum,
782 4040 841 4183 et
863 4059 1100 4184 maestas
1125 4100 1471 4230 expromere
1493 4104 1700 4189 voces:

169 4320 233 4445 Ο
256 4316 361 4442 lux
386 4292 737 4458 Dardaniae,
756 4295 891 4486 'spes
913 4352 957 4439 o
975 4310 1238 4441 fidiffnna
1262 4318 1582 4462 Teucrum,

167 4579 346 4745 Qae
369 4604 565 4700 tantae
586 4584 824 4699 tenuere
847 4573 1075 4698 morae?
1112 4569 1579 4740 quibusHector
1598 4568 1813 4710 aboris
1958 4565 1961 4573 ’

170 4830 520 5000 Exspectate
541 4828 735 4957 venis?
771 4854 842 4953 ut
862 4859 926 4952 te
945 4830 1078 4998 post
1096 4818 1286 4953 multa
1309 4822 1552 4956 tuorum

169 5091 417 5265 Funera,
447 5086 579 5257 post
601 5084 786 5211 varios
809 5072 1240 5250 hominumque
1261 5083 1535 5254 urbisque
1557 5082 1786 5213 labores

172 5337 392 5473 Defeffi
414 5339 779 5513 adspicimus!
811 5334 1174 5510 quae-caulia
1194 5336 1434 5512 indigna
1456 5336 1688 5469 serenos

168 5597 455 5726 Foedavit
474 5595 699 5724 voltus?
738 5630 839 5733 aut
862 5624 964 5724 cur
978 5595 1131 5724 'haec
1153 5595 1392 5724 uulnera
1414 5594 1624 5724 cerno?

173 5854 281 5983 Ille
304 5852 478 5980 nihil:
518 5900 629 5980 nec
652 5900 749 5982 me
771 5842 1150 6024 quaerentem
1170 5898 1322 5985 vana
1343 5885 1633 5983 moratur:

174 6109 296 6240 Sed
318 6110 565 6283 graviter
585 6113 837 6282 gemitus
854 6112 975 6237 imo
998 6109 1073 6237 de
1096 6144 1333 6282 pectore
1354 6110 1594 6256 ducens,

175 6374 318 6496 Heu
341 6364 495 6537 fuge,
523 6397 659 6494 nate
684 6373 832 6512 Dea,
860 6401 1036 6538 teque
1058 6367 1167 6512 his,
1196 6368 1293 6513 ait,
1321 6368 1479 6540 eripe
1506 6365 1776 6505 flammis,
1807 6340 1811 6349 ⁵
1915 6422 1921 6432 ·

176 6625 375 6754 Hostis
398 6622 580 6750 habet
601 6670 825 6753 muros:
865 6625 980 6755 ruit
1003 6623 1123 6752 alto
1144 6670 1179 6751 a
1202 6620 1459 6752 culmine
1480 6623 1680 6798 Troja'.
1833 6628 1841 6645 '
1897 6686 1901 6693 Δ

178 6886 283 7010 Sat
303 6881 521 7056 patriae
547 6882 896 7057 Priamoque
919 6882 1144 7013 datum.
1188 6885 1249 7010 Si
1273 6887 1558 7055 Pergama
1578 6877 1787 7011 dextra
2010 7010 2014 7019 ,
