5202 8512
441 863 927 993 GEORG.
1016 861 1255 989 LIB.
1329 864 1373 990 1.
1461 865 1695 1035 v.269.
1890 906 1987 1035 59

156 1161 269 1283 Fas
295 1180 354 1280 et
366 1151 497 1325 jura
519 1153 731 1276 sinunt.
772 1093 959 1277 Rivos
983 1149 1270 1279 deducere
1291 1152 1452 1280 nulla

154 1408 391 1580 Religio
413 1409 615 1551 vetuit,
645 1408 817 1576 segeti
838 1407 1218 1578 praetendere
1242 1410 1489 1582 saepem,

161 1662 399 1794 Insrdias
424 1663 626 1792 avibus
649 1661 853 1804 moliri,
879 1663 1189 1791 incendere
1210 1713 1433 1837 vepres,

161 1923 593 2088 Balantumque
615 1964 851 2092 gregem
872 1917 1052 2047 fluvio
1075 1924 1315 2049 mersare
1337 1922 1558 2052 salubri.

167 2187 355 2351 Saepe
376 2176 509 2303 oleo
533 2176 683 2330 tardi
707 2176 887 2302 costas
912 2177 1158 2346 agitator
1179 2178 1344 2323 aselli,

165 2433 394 2562 Vilibus
419 2467 522 2559 aut
544 2466 748 2559 onerat
769 2433 989 2605 pomis:
1030 2432 1403 2606 lapidemque
1425 2468 1717 2571 revertens

165 2693 457 2834 Incusum,
486 2720 589 2816 aut
612 2724 766 2817 atrae
789 2687 1025 2816 massam
1047 2690 1190 2862 picis
1213 2690 1359 2820 urbe
1381 2730 1657 2869 reportat.

168 2951 298 3122 Ipsa
318 2945 440 3076 dies
463 2945 602 3072 alios
627 2944 739 3072 alio
764 2944 926 3072 dedit
948 2944 1151 3072 ordine
1174 2954 1344 3076 Luna

168 3203 387 3331 Felices
411 3248 673 3373 operum.
720 3203 1007 3371 Qrintam
1032 3199 1193 3376 fuge:
1226 3205 1475 3378 pallidus
1500 3214 1709 3353 Orcus,
1736 3290 1740 3299 ι
1973 3334 1981 3343 .

173 3456 646 3629 Eumenidesque
674 3460 842 3586 satae.
885 3462 1049 3586 Tum
1071 3494 1246 3633 partu
1267 3497 1416 3589 terra
1439 3414 1696 3591 nefando

177 3722 527 3883 Coeumque
551 3718 936 3886 Iapetumque
960 3751 1131 3863 creat,
1158 3720 1506 3888 saevumque
1529 3719 1870 3896 Typhoea,

173 3979 253 4099 Et
275 3972 603 4144 conjuratos
616 3969 857 4098 'coelum
878 3973 1195 4108 rescindere
1216 3971 1432 4106 fratres.

176 4233 299 4356 Ter
319 4230 452 4354 sunt
475 4227 668 4354 conati
688 4226 971 4398 inponere
997 4228 1157 4357 Pelio
1182 4229 1411 4361 Ossam·

180 4483 421 4628 Scilicet,
451 4516 627 4651 atque
651 4478 823 4611 Offae
847 4479 1187 4613 frondosum
1207 4488 1500 4614 involvere
1523 4486 1885 4663 Olympum:

177 4739 301 4867 Ter
325 4742 497 4868 Pater
519 4769 815 4867 extructos
839 4737 1060 4912 disjecit
1080 4739 1323 4871 fulmine
1346 4746 1579 4871 montis

181 5004 463 5169 Septuma
484 4994 949 5169 postdecumam
973 4994 1139 5124 felix:
1181 5031 1241 5124 et
1262 5045 1483 5169 ponere
1507 5003 1704 5148 vitem,

177 5257 258 5379 Et
277 5255 511 5423 prensos
535 5250 821 5380 domitare
843 5248 1039 5407 boves,
1070 5284 1130 5378 et
1151 5250 1281 5379 licia
1303 5253 1451 5382 telae

182 5506 443 5636 Addere.
488 5512 668 5637 Nona
689 5507 860 5680 fugae
884 5506 1104 5653 melior,
1134 5511 1415 5639 contraria
1438 5506 1621 5640 furtis.
1870 5545 1872 5550 ’
1976 5636 1981 5653 ,

181 5761 375 5891 Multa
398 5762 547 5892 adeo
569 5764 758 5934 gelida
782 5765 985 5893 melius
1006 5767 1062 5891 se
1085 5801 1259 5895 nocte
1284 5765 1513 5913 dedere,
1827 5714 1831 5721 ι

179 6028 315 6149 Aut
338 6066 522 6190 quum
544 6019 658 6148 sole
682 6067 840 6148 novo
863 6054 1038 6148 terras
1061 6023 1281 6150 inrorat
1304 6022 1480 6149 Eous.

181 6282 379 6404 Nocte
400 6274 554 6405 leves
577 6276 781 6405 melius
803 6275 1061 6448 stipulae,
1089 6250 1263 6405 nocte
1287 6277 1447 6407 arida
1467 6310 1634 6452 prata

183 6531 562 6661 Tondentur:
604 6565 806 6661 noctes
829 6533 1020 6662 lentus
1044 6580 1168 6660 non
1191 6528 1387 6662 deficit
1408 6533 1641 6666 humor.
1743 6568 1746 6573 ’

183 6794 260 6917 Et
283 6788 521 6960 quidam
541 6793 691 6922 seros
714 6788 941 6921 hiberni
964 6787 1041 6918 ad
1062 6790 1293 6921 luminis
1316 6793 1478 6965 ignes
