5106 8526
456 900 1055 1032 Annmoos
1104 814 1463 1030 munt
1520 930 1753 1077 ηις,
1884 948 2031 1080 229„

190 1190 348 1322 Vivo
372 1192 668 1366 equidem,
696 1194 994 1362 vitamque
1017 1198 1280 1323 extrema
1301 1244 1407 1368 per
1427 1197 1629 1325 omnia
1650 1195 1822 1324 duco.

195 1449 291 1578 Ne
321 1451 554 1580 dubita:
594 1497 892 1576 namvera
913 1450 1092 1578 vides.

190 1710 353 1836 Heu!
387 1711 512 1879 quis
538 1740 595 1835 te
620 1709 774 1835 casus
798 1706 1082 1882 dejectam
1108 1708 1354 1882 conjuge
1375 1740 1552 1839 tanto·
1587 1772 1593 1781 ·
1727 1824 1730 1831 t
1850 1717 1854 1725 ’

191 1962 457 2139 Excipit?
496 1996 598 2090 aut
622 1963 974 2135 quaedigna·
991 1966 1120 2094 satis
1141 1966 1656 2095 Fortunaaenifitl·
1714 2028 1720 2039 ·

187 2224 457 2351 Hectoris
482 2220 908 2349 Andiomache
934 2223 1199 2395 Pyrrhin’
1225 2224 1522 2351 connubia
1543 2222 1756 2354 servas?

189 2482 420 2654 Dejecit
437 2479 683 2622 voltum,
712 2513 773 2605 et
796 2477 1034 2606 deniiffa
1055 2480 1552 2609 vocelocutacst:
1820 2544 1824 2553 ι
1905 2664 1912 2675 ·

188 2743 249 2864 Ο
275 2735 412 2863 felix
433 2784 551 2863 una
576 2738 721 2862 ante
734 2736 868 2863 alias
895 2739 1182 2862 Priameia
1205 2739 1386 2907 virga

183 2995 471 3121 Hostilem
496 2992 575 3120 ad
594 2996 889 3121 tumulum
913 2995 1129 3168 Trojae
1148 2993 1254 3119 sub
1282 2991 1589 3123 moenibus
1605 2992 1755 3126 altis.

182 3250 347 3420 Juffa
368 3252 534 3395 mori,
563 3250 712 3419 quae
735 3252 962 3377 sortitus
985 3260 1111 3375 non
1132 3251 1371 3422 pertulit
1391 3251 1574 3400 ullos,-

182 3511 318 3635 Nec
340 3508 573 3634 victoris
595 3507 722 3632 heri
743 3507 931 3676 tetigit
955 3509 1184 3677 captiva
1209 3506 1427 3634 cubile!
1483 3472 1488 3485 ⁵

182 3769 334 3907 Nos,
361 3763 546 3937 patria
566 3764 809 3908 incensa,
839 3761 1183 3933 divetsaper
1204 3810 1456 3932 aequora
1477 3795 1698 3907 vectae,
1723 3824 1727 3835 ·

184 4021 393 4193 Stirpis
416 4014 721 4147 Achilleae
743 4018 936 4162 fastus
956 4021 1354 4193 juvenemque
1374 4017 1689 4191 superbum

184 4278 436 4406 Servitio
460 4279 667 4404 enixae
680 4277 951 4404 tulimus·
992 4278 1123 4445 Qui
1143 4275 1355 4405 deinde
1378 4278 1603 4403 secutus

179 4535 483 4664 Ledaeam
506 4494 873 4663 Hermionen
893 4530 1512 4702 Lacedaemoniosque
1536 4538 1939 4705 Hymenaeus-

183 4798 294 4921 Me
317 4791 537 4919 famulo
561 4788 961 4960 famulamque
983 4792 1219 4918 Heleno
1241 4791 1539 4918 transtmlit
1560 4788 1915 4921 hahendam.

186 5051 303 5180 Ast
324 5045 504 5194 illum,
532 5080 773 5222 ereptae.
792 5092 1006 5217 magno
1029 5045 1422 5175 inflammatus
1445 5090 1643 5173 amore
1662 5166 1666 5173 ,

190 5307 492 5481 Conjugis,
521 5339 581 5432 et
602 5303 882 5433 sceleium
901 5303 1085 5430 Furiis
1102 5305 1370 5477 agitams,
1400 5306 1644 5433 Orestes·
1687 5362 1697 5371 ·

186 5565 426 5736 Excipit
448 5558 769 5708 incautum,
790 5560 1464 5734 paniasqueobtmncat
1480 5561 1559 5690 ad
1580 5607 1718 5691 atas³
1740 5666 1746 5683 .
1795 5622 1799 5631 ·

188 5824 390 5948 Morte
415 5819 796 5994 Neoptolemi
818 5848 1129 5992 regnorum
1150 5817 1377 5946 reddita
1399 5814 1569 5945 'cellit
1611 5824 1629 5941 ’.
1839 5823 1840 5827 ‘

191 6081 333 6204 Pars
359 6076 616 6204 Heleno:
658 6077 759 6246 qui
785 6077 1083 6205 Chaonios
1108 6078 1460 6249 cognomine
1476 6121 1747 6247 campos·

192 6335 642 6504 Chaoniamque
666 6382 904 6462 omnem
929 6337 1191 6509 Trojano
1215 6383 1249 6461 a
1272 6334 1521 6462 Chaone
1545 6333 1719 6460 dixit:

194 6588 615 6763 Pergamaque·
639 6593 991 6762 Iliacamque
1005 6595 1157 6768 jugis
1181 6593 1333 6718 hanc
1346 6589 1586 6720 addidit
1609 6638 1820 6721 arcem.

196 6848 316 6977 Sed
338 6850 444 6979 tibi
467 6850 569 7019 qui
591 6850 817 6980 cutsum
838 6846 1022 6997 uenti,¹
1039 6898 1196 7019 ‘quae
1220 6849 1341 6982 fata
1364 6849 1610 7011 dedere?

1032 7133 1055 7239 3
1091 7109 1142 7190 m
