5106 8526
345 1026 349 1035 ,
500 893 1737 1073 Auuuruosnrn.1n.v.39.
1901 944 2024 1072 217

219 1197 513 1366 (Eloquar,
543 1243 617 1321 an
639 1192 884 1358 sdeam?)
916 1191 1163 1362 gemitus
1187 1192 1547 1319 lacrimabilis
1570 1193 1692 1317 imo

216 1454 484 1582 Auditur
505 1452 753 1596 tumu10,
784 1483 844 1577 et
866 1496 987 1635 vox
1008 1447 1235 1576 reddita
1257 1448 1438 1577 fertur
1461 1448 1538 1578 ad
1560 1451 1735 1577 auris:

216 1708 385 1883 Quid
408 1711 692 1853 miserum,
723 1715 950 1851 Aenea,
979 1707 1226 1834 laceras?
1254 1709 1380 1882 jam
1403 1755 1575 1880 parce
1598 1706 1850 1880 sepulto:
2015 1843 2018 1849 ,

216 1974 397 2092 Parce
419 1968 543 2139 pias
563 1966 829 2093 scelerare
852 2006 1075 2092 manus.
1123 1965 1268 2091 Non
1291 2008 1387 2092 me
1410 1966 1516 2091 tibi
1541 1966 1721 2138 Troja

216 2230 544 2349 Externum
567 2223 727 2349 tulit:
769 2256 871 2347 aut
894 2268 1063 2348 cruor
1085 2220 1180 2348 hic
1206 2222 1280 2349 de
1303 2223 1492 2396 stipite
1514 2254 1729 2349 manat.

217 2482 381 2607 Heu!
413 2478 549 2650 fuge
575 2479 823 2607 crudelis
847 2511 1039 2623 terras,
1067 2477 1203 2649 fuge
1225 2480 1359 2607 litus
1383 2526 1636 2606 avarum.

217 2743 378 2864 Nam
404 2735 734 2909 Polydorus
759 2784 886 2908 ego.
932 2739 1050 2864 ch
1075 2737 1375 2865 confixum
1396 2735 1577 2865 ferrea
1599 2736 1746 2865 texit

219 2993 505 3120 Telorum
527 2996 698 3175 seges,
729 3028 787 3122 et
802 2994 1005 3169 jaculis
1028 2995 1268 3122 increvit
1292 2996 1490 3123 acutis.

97 3246 101 3254 ’
218 3253 385 3375 Tum
407 3297 547 3377 vero
572 3253 809 3422 ancipiti
832 3283 1092 3376 mentem
1117 3249 1431 3379 formidine
1454 3250 1670 3425 pressus

33 3561 37 3570 ¹
218 3505 536 3676 Obstupui,
565 3509 962 3674 steteruntque
985 3548 1204 3650 comae,
1234 3541 1293 3634 et
1314 3555 1433 3634 vox
1458 3507 1721 3679 saucibus
1746 3507 1940 3633 haesit.

309 3768 490 3887 Hunc
515 3762 881 3935 Polydorum
904 3763 1025 3888 auri
1050 3764 1351 3931 quondam
1375 3811 1511 3890 cum
1535 3764 1797 3939 pondere
1819 3806 2033 3933 magno

219 4017 434 4149 Infelix
459 4020 722 4145 Priamus
747 4017 947 4144 furtim
970 4019 1275 4147 mandarat
1298 4020 1577 4148 alendum

221 4276 507 4404 Threicio
531 4276 675 4446 regi3
710 4322 894 4443 quum
910 4277 1035 4448 jam
1060 4270 1343 4405 diffideret
1364 4278 1535 4404 armis
1604 4252 1607 4259 ⁵

222 4532 578 4675 Dardaniae,
607 4531 876 4702 cingique
897 4532 1105 4660 urbem
1128 4532 1431 4660 obsidione
1452 4532 1692 4662 videret.

218 4792 347 4935 Ille,
375 4824 444 4916 ut
465 4836 608 4960 opes
631 4787 844 4915 fractae
868 4791 1190 4933 Teucrdm,
1219 4822 1278 4917 et
1300 4795 1560 4920 Fortuna
1583 4784 1816 4934 recellit,

221 5054 348 5172 Res
369 5044 875 5215 Agamemnonias
897 5046 1269 5214 victriciaque
1292 5093 1448 5173 arma
1472 5051 1715 5191 secutus,

222 5309 338 5429 Fas
361 5348 538 5428 mnne
562 5301 883 5474 abrumpit:
925 5299 1291 5471 Polydorum
1314 5301 1643 5449 obtruncat,
1673 5337 1735 5433 et
1758 5352 1898 5431 auro

221 5559 307 5686 Vi
329 5559 567 5730 potitur.
616 5557 782 5728 Qrid
805 5604 927 5685 non
950 5559 1214 5687 mortalia
1236 5593 1474 5733 pectora
1496 5562 1671 5733 cogis,

222 5816 385 5942 Auri
407 5818 559 5941 sacra
582 5814 794 5942 fames?
840 5814 1154 5985 Postquam
1177 5843 1361 5989 pavor
1382 5814 1499 5947 ossa
1519 5819 1768 5989 reliquit,

221 6070 509 6200 Delectos
533 6072 739 6245 populi
762 6071 838 6198 ad
859 6119 1142 6245 proceres,
1172 6075 1548 6248 primumque
1570 6110 1874 6251 parentem

220 6332 498 6457 Monstra
519 6329 723 6456 Derim
746 6327 951 6475 reser0,
981 6362 1056 6482 et,
1085 6378 1235 6500 quae
1257 6337 1326 6461 s1t
1348 6335 1642 6478 sententia,
1673 6339 1865 6508 posco.

222 6585 528 6713 Omnibus
551 6586 709 6714 idem
733 6588 958 6717 animus
981 6588 1247 6717 scelerata
1270 6588 1552 6717 excedere
1576 6625 1750 6744 terra;

221 6841 449 7010 Linqui
471 6843 765 7018 pollutum
790 6845 1118 7023 hospitium,
1148 6881 1208 6977 et
1230 6847 1366 6979 dare
1390 6844 1647 6979 claffibus
1672 6853 1902 6978 austros.

1055 7132 1078 7237 3
1114 7110 1132 7190 1
