5074 8524
419 877 1051 1003 AENEIDOS
1118 876 1324 1000 LIB.
1392 876 1438 999 Ι.
1505 903 1739 1043 v.449.
1883 877 2002 1042 165

187 1174 347 1294 Aere
372 1165 588 1294 trabes:
623 1161 842 1293 foribus
866 1163 1042 1292 cardo
1067 1162 1340 1291 stridebat
1364 1166 1538 1291 a‘e'nis.
1736 1185 1742 1197 '

187 1429 322 1550 Hoc
346 1425 603 1597 primum
626 1424 688 1549 in
709 1422 844 1549 luco
869 1458 1027 1549 nova
1048 1472 1136 1549 res
1161 1420 1356 1549 oblata
1380 1422 1651 1547 timorem
1887 1444 1892 1453 '

184 1681 396 1807 Leniit.
441 1685 559 1807 Hic
582 1682 838 1852 primum
862 1685 1099 1806 Aeneas
1123 1681 1344 1851 sperare
1365 1678 1605 1807 salutem

184 1940 398 2080 Ausus,
426 1970 486 2063 et
509 1935 751 2064 adflictis
776 1935 980 2063 melius
1004 1932 1295 2061 confidere
1318 1935 1507 2063 rebus.

185 2198 478 2361 Namque,
505 2190 608 2319 sub
630 2192 851 2364 ingenti
873 2191 1073 2319 lustrat
1097 2190 1242 2318 dum
1264 2191 1485 2362 singula
1507 2192 1729 2365 templo
1929 2242 1933 2249 ·

180 2450 473 2619 Reginam
498 2451 824 2623 opperiens,
855 2446 999 2576 dum
1022 2496 1172 2617 quae
1196 2444 1431 2576 fortuna
1451 2450 1520 2575 fit
1540 2449 1689 2590 urbi,

184 2705 616 2875 Artificumque
640 2753 847 2832 manus
870 2706 1019 2832 inter
1040 2707 1094 2832 se
1118 2751 1481 2877 operumque
1504 2703 1764 2833 laborem

183 2961 450 3106 Miratur,
475 2960 636 3090 videt
660 2964 857 3089 Iliacas
881 3012 956 3089 ex
980 2960 1184 3088 ordine
1208 3010 1451 3141 pugnas,

181 3216 459 3385 Bellaque
475 3221 600 3394 jam
620 3217 774 3345 fama
798 3209 991 3345 totum
1012 3217 1245 3389 volgata
1267 3266 1373 3392 per
1392 3218 1615 3364 orbem,

44 3444 47 3453 Ι
180 3469 441 3617 Atridas,
472 3475 902 3642 Priamumque,
933 3508 993 3600 et
1013 3476 1245 3602 saevum
1270 3475 1558 3604 ambobus
1584 3473 1899 3602 Achillem.

181 3729 480 3882 Constitit3
520 3764 580 3857 et
601 3730 919 3875 lacrimans,
948 3732 1240 3907 Qrisjam
1265 3731 1445 3877 locus,
1472 3732 1681 3903 inquit,
1707 3732 1960 3877 Achate,

179 3993 355 4159 Qrae
377 3988 535 4158 regio
557 3988 619 4111 in
640 3990 800 4114 terris
824 3990 999 4113 nostri
1019 4035 1145 4115 non
1166 3988 1340 4161 plena
1363 3987 1609 4115 laboris?

178 4248 275 4369 En
298 4243 578 4370 Priamus.
614 4248 773 4370 ‘Sunt
794 4242 892 4369 hlc
915 4244 1090 4370 etiam
1113 4245 1211 4371 sua
1232 4245 1488 4416 praemia
1510 4243 1695 4372 laudi:

181 4505 333 4628 Sunt
355 4498 620 4627 lacrimae
643 4548 864 4627 rerum:
901 4534 961 4626 et
984 4520 1246 4631 mentem
1268 4500 1532 4628 mortalia
1553 4522 1819 4671 tangunt.
1972 4532 1976 4541 '

71 4892 74 4901 ,
179 4756 352 4886 Solve
376 4793 582 4885 metus.
625 4761 794 4886 Feret
816 4758 960 4884 haec
984 4755 1238 4926 aliquam
1260 4755 1366 4883 tibi
1388 4755 1544 4891 fama
1564 4756 1822 4890 salutem.

181 5015 275 5140 Sic
298 5017 395 5157 ait,
424 5044 597 5181 atque
621 5015 881 5140 animum
903 5013 1130 5184 pictura
1151 5012 1330 5183 pascit
1350 5013 1508 5138 inani

179 5269 376 5398 Multa
398 5286 652 5439 gemens,
679 5268 956 5439 largoque
978 5267 1279 5394 humectat
1301 5264 1545 5394 flumine
1565 5267 1811 5397 voltum.

179 5533 456 5697 Namque
478 5523 732 5669 videbat,
760 5526 846 5651 uti
868 5523 1148 5652 bellantes
1173 5527 1453 5694 Pergama
1473 5524 1690 5653 circum

177 5790 310 5912 Hac
334 5780 599 5953 fugerent
623 5783 802 5958 Graji,
830 5783 1396 5958 premeret'Trojana
1411 5783 1717 5957 juventus:
1879 5855 1883 5859 ’

176 6045 308 6202 Hae
333 6040 592 6210 Phryges
603 6110 617 6189 ;
650 6040 881 6164 instaret
905 6083 1075 6165 curru
1100 6040 1356 6166 cristatus
1380 6037 1660 6165 Achilles.

177 6302 240 6423 N
242 6344 308 6422 ec
331 6293 537 6468 procul
558 6294 696 6421 hinc
719 6294 898 6421 Rhesr
921 6296 1099 6421 niveis
1123 6295 1373 6421 tentoria
1394 6295 1535 6423 velis
1723 6320 1729 6329 '

176 6552 504 6721 Adgnoscit
525 6551 854 6705 lacrimans;
891 6552 1081 6725 primo
1104 6524 1254 6722 quae
1276 6549 1507 6723 prodita
1526 6553 1729 6679 somno
1755 6573 1761 6587 '

176 6806 443 6978 Tydides
468 6808 651 6965 multa
674 6807 931 6939 vastabat
954 6807 1134 6939 caede
1157 6824 1454 6937 cruentas:

1010 7091 1035 7155 2
1072 7066 1111 7146 T
