5074 8524
384 934 874 1064 GEORG.
962 940 1199 1062 LIB.
1274 940 1377 1063 III.
1464 980 1697 1073 uaoo.
1838 984 1956 1112 ¹03

116 1230 309 1354 Dant
328 1227 515 1387 silvae,
542 1227 820 1400 longique
842 1261 1094 1398 urguent
1116 1226 1193 1354 ad
1215 1228 1382 1354 litora
1402 1226 1643 1359 fluctus:

117 1485 247 1609 Ille
272 1484 449 1631 volat,
477 1454 646 1655 fimul
669 1531 802 1609 arva
826 1483 979 1655 fuga,
1007 1485 1176 1611 srmul
1200 1533 1452 1654 aequora
1473 1516 1720 1619 verrens.

115 1743 258 1867 Hic
279 1741 373 1868 vel
397 1736 621 1868 ad'Elei
645 1775 843 1886 metas,
874 1777 932 1868 et
954 1743 1209 1868 maxima
1233 1744 1424 1914 campi

121 1997 392 2124 Sudabit
412 1997 609 2170 spatia,
639 2030 697 2122 et
717 1999 944 2169 spumas
970 2029 1102 2169 aget
1124 2046 1223 2125 ore
1248 2036 1539 2129 cruentas:

117 2254 372 2425 Belgica
393 2253 486 2383 vel
511 2252 671 2378 molli
693 2255 896 2385 melius
920 2253 1066 2383 feret
1089 2254 1278 2382 esseda
1301 2259 1469 2413 collo.

116 2512 305 2638 Tum
334 2508 577 2636 demum
600 2509 772 2637 crassa
795 2560 1072 2684 magnum
1098 2509 1379 2683 farragine
1404 2563 1616 2688 corpus

125 2771 409 2895 Crescere
426 2768 550 2942 jam
574 2765 808 2896 domitis
831 2772 1027 2896 finito:
1071 2818 1326 2940 namque
1351 2809 1485 2900 ante
1509 2768 1878 2904 domandum

122 3024 397 3193 Ingentis
421 3022 629 3148 tollent
652 3027 892 3170 animos,
923 3031 1226 3198 prensique
1249 3029 1550 3201 negabunt

120 3279 399 3453 Verbera
421 3279 579 3408 lenta
601 3284 741 3454 pati,
771 3316 831 3409 et
854 3283 1009 3409 duris
1033 3330 1233 3454 parere
1256 3285 1484 3458 lupatis

228 3535 346 3664 Sed
368 3584 492 3662 non
514 3537 632 3664 ulla
655 3542 835 3708 magis
858 3541 1005 3666 vires
1028 3540 1303 3668 industria
1324 3544 1533 3688 firmat,

127 3803 344 3966 Qum
366 3799 660 3923 Venerem
684 3829 743 3923 et
767 3797 920 3923 caeci
942 3796 1201 3925 stimulos
1226 3834 1482 3927 avertere
1506 3804 1732 3946 amoris,

135 4053 276 4178 Sive
299 4049 501 4195 boum,
528 4057 642 4179 slve
666 4055 747 4176 est
769 4056 862 4178 cui
882 4055 1096 4222 gratior
1118 4058 1248 4181 usus
1271 4104 1573 4225 equorum.

132 4318 354 4478 Atque
375 4307 512 4435 ideo
536 4341 730 4436 tauros
753 4309 959 4479 procul
983 4345 1158 4479 atque
1180 4312 1379 4438 insola
1401 4312 1658 4483 relegant

132 4568 372 4709 Pascua,
399 4568 529 4736 post
552 4598 816 4691 montem
839 4568 1191 4736 opposrtum,
1222 4602 1281 4695 et
1304 4602 1460 4696 trans
1482 4567 1725 4696 flumina
1746 4568 1888 4697 lata:

132 4831 274 4952 Aut
296 4822 452 4951 intus
477 4822 693 4950 clausos
713 4824 899 4949 satura
921 4822 1309 4995 adpraesepia
1330 4829 1569 4953 servant.

137 5079 349 5250 Carpit
372 5081 527 5204 enim
548 5079 694 5206 vires
717 5076 1035 5250 paullatim,
1064 5081 1296 5247 uritque
1319 5080 1578 5208 videndo
1685 5045 1690 5053 ’

135 5336 406 5462 Femina:
440 5381 549 5461 nec
572 5380 881 5461 nemorum
901 5336 1121 5507 patitur
1143 5334 1477 5481 meminisse,
1507 5384 1615 5464 nec
1639 5337 1869 5467 herbae.
1907 5478 1911 5487 ,

137 5591 431 5721 Dulcibus
454 5594 549 5719 illa
571 5591 810 5762 quidem
832 5591 1131 5719 inlecebris
1155 5624 1215 5717 et
1235 5593 1401 5765 saepe
1423 5594 1697 5766 superbos

140 5848 436 6033 Cornibus
459 5853 609 5975 inter
629 5852 682 5976 se
704 5848 912 6020 subigit
936 5850 1245 5976 decernere
1270 5853 1543 5979 amantis:
1578 5958 1589 6009 ·.
1761 5848 1772 5871 '

138 6107 393 6234 Pascitur
415 6106 476 6230 in
501 6153 709 6276 magna
730 6108 866 6236 silva
888 6106 1133 6232 formosa
1146 6107 1432 6279 juvenca:

139 6363 230 6488 Illi
253 6363 599 6489 alternantes
622 6363 806 6491 multa
827 6367 886 6490 vi
907 6364 1125 6537 proelia
1149 6364 1386 6489 miscent

139 6618 492 6747 Vulneribus
519 6619 755 6747 crebris:
796 6620 935 6746 lavit
958 6654 1079 6746 ater
1103 6667 1345 6793 corpora
1367 6621 1610 6791 sanguis,

139 6878 431 7047 Versaque
453 6878 515 7004 in
539 6878 790 7009 obnixos
813 6914 1134 7051 urguentur
1158 6926 1374 7009 cornua
1398 6881 1558 7006 vasto
