5074 8524
386 883 1020 1013 AENEID'OS
1085 881 1295 1012 nlo.
1352 883 1408 1011 -1.
1474 897 1709 1056 v.3112
1861 897 1983 1062 139

167 1174 496 1306 Arboribus
521 1174 767 1302 clausam
791 1178 1007 1303 circum
1031 1211 1207 1346 atque
1229 1175 1601 1304 horrentibus
1623 1174 1845 1353 umbris

167 1432 418 1562 Occulit.
463 1435 588 1605 Ipse
610 1477 732 1559 uno
755 1431 1013 1603 graditur
1036 1435 1345 1563 comitatus
1369 1432 1634 1586 Achate,

162 1694 309 1819 Bina
331 1736 512 1816 manu
533 1689 653 1819 lato
677 1690 924 1862 crispans
947 1690 1166 1819 hastilia
1188 1687 1360 1817 ferro.

163 1951 279 2077 Cui
298 1959 492 2075 mater
506 1946 698 2074 media
720 1949 829 2073 sese
852 1948 988 2074 tulit
1011 1946 1182 2075 obvia
1203 1947 1356 2091 silva,

159 2206 411 2376 Virginis
436 2249 502 2330 os
524 2201 911 2372 habitumque
932 2252 1154 2376 gerens,
1183 2238 1244 2331 et
1264 2204 1496 2375 virginis
1521 2252 1681 2335 arma

161 2470 506 2637 Spartanae:
539 2460 632 2588 vel
656 2461 837 2631 qualis
862 2508 1045 2631 equos
1069 2459 1334 2588 Threissa
1356 2459 1558 2633 fatigat

161 2717 513 2890 Harpalyce,
540 2715 956 2888 volucremque
980 2715 1118 2889 fuga
1139 2721 1520 2893 praevertitur
1542 2716 1830 2847 Hebrum.
1909 2722 1914 2725 ’

162 2983 440 3145 Namque
462 2974 717 3101 humeris
743 2975 818 3105 de
842 3019 1006 3103 more
1028 2974 1285 3103 habilem
1307 2976 1673 3149 suspenderat
1696 3021 1899 3105 arcum

157 3232 461 3375 Venatrix,
491 3230 848 3400 dederatque
873 3278 1104 3359 comam
1128 3231 1451 3361 diffundere
1475 3236 1687 3389 ventis;

159 3489 345 3618 Nuda
366 3533 539 3659 genu,
567 3486 847 3656 nodoque
868 3491 1020 3615 finus
1045 3490 1309 3618 conlecta
1329 3489 1580 3619 fluentis.

159 3756 262 3876 Ac
284 3747 457 3920 prior,
493 3749 675 3887 Heus,
703 3744 909 3914 inquit,
931 3746 1194 3920 juvenes,
1222 3752 1534 3877 monstrate
1557 3791 1822 3879 mearum

158 4001 394 4129 Vidistis
414 4005 459 4126 sr
480 4008 658 4170 quam
681 4002 778 4129 hic
802 3950 1089 4131 errantem
1113 4001 1265 4131 forte
1286 4006 1567 4149 sororum,

162 4259 531 4386 Succinctam
552 4253 826 4428 pharetra
848 4289 908 4384 et
930 4258 1250 4387 maculosae
1275 4260 1530 4429 tegmine
1552 4247 1771 4431 lyncis,

161 4525 298 4642 Aut
317 4512 635 4686 spumantis
658 4512 788 4685 apri·
804 4514 1030 4639 cursum
1054 4512 1304 4642 clamore
1328 4548 1711 4687 prementem.

164 4772 258 4899 Sic
280 4777 486 4898 Venus
493 4842 508 4920 ;
547 4802 608 4896 et
628 4766 877 4896 Veneris
895 4804 1100 4898 contra
1121 4770 1370 4899 srcfilius
1392 4774 1578 4901 orsus:

163 5026 345 5153 Nulla
366 5060 597 5152 tuarum
621 5024 819 5153 audita
841 5026 985 5151 mihi
1007 5074 1199 5195 neque
1221 5029 1334 5154 visa
1357 5030 1636 5175 sororum,

164 5293 224 5412 O
252 5292 449 5452 (quam
467 5315 527 5407 te
548 5326 868 5407 memorem
879 5281 920 5446 ἒ)
949 5283 1130 5454 virgo.
1176 5288 1453 5453 Namque
1471 5284 1640 5412 ⁴haud
1662 5286 1769 5413 tibi
1787 5286 1979 5417 voltus

163 5538 448 5683 Mortalis,
475 5584 584 5663 nec
606 5583 728 5665 vox
749 5537 1052 5665 hominem
1074 5542 1252 5667 sonat.
1298 5548 1375 5686 Ο,
1406 5540 1515 5669 dea
1539 5574 1692 5671 certe
1701 5617 1717 5696 ς

165 5805 275 5924 An
299 5796 528 5922 Phoebi
548 5800 721 5940 soror,
749 5842 826 5922 an
850 5722 1283 5968 Nympharum
1292 5801 1579 5971 sanguinis
1601 5801 1753 5928 una?

167 6055 255 6181 Sis
278 6051 434 6196 felix,
462 6055 837 6223 nostrumque
858 6055 1012 6183 leves
1035 6102 1441 6228 quaecumque
1463 6057 1748 6185 laborem:

168 6316 246 6437 Et
269 6356 388 6479 quo
409 6309 513 6435 sub
537 6310 701 6437 coelo
725 6310 985 6465 tandem,
1012 6310 1226 6482 quibus
1246 6314 1403 6442 orbis
1424 6317 1487 6443 in
1510 6315 1622 6443 oris

169 6573 486 6734 Jactemur,
516 6567 743 6696 doceas,
787 6575 981 6744 Ignari
1002 6570 1429 6742 hominumque
1451 6573 1834 6744 locorumque

170 6824 470 6970 Erramus,
484 6828 808 6958 ventohuc
826 6863 886 6957 et
908 6830 1074 6960 vastis
1096 6828 1370 6961 fluctibus
1393 6834 1535 6961 acti.¹
1719 6880 1724 6885 ·
