5106 8526
458 870 1752 1044 A,ENE1DOSL113.111.v.223.
1889 911 2038 1069 225ὶ

184 1163 264 1296 In
289 1198 516 1338 partem
539 1168 934 1340 praedamque
960 1175 1191 1335 Jovem.
1237 1169 1400 1291 Tum
1424 1166 1591 1291 litore
1614 1213 1793 1291 curvo

191 1426 670 1593 Exstrnimusque
694 1458 870 1568 torua,
902 1423 1271 1597 dapibusque
1296 1423 1602 1595 epulamur
1624 1378 1853 1596 opimis.

189 1687 281 1808 At
304 1681 522 1808 subitae
542 1682 820 1807 horrifico
843 1681 1005 1853 lapsu
1030 1679 1104 1808 de
1128 1679 1431 1805 montibus
1456 1678 1664 1806 adsunt

186 1939 503 2113 Harpyiae,
534 1973 592 2064 et
616 1940 840 2110 magnis
864 1939 1134 2106 quatiunt
1157 1936 1522 2107 clangoribus
1547 1939 1682 2082 alas,

187 2196 607 2367 Diripiuntque
631 2196 827 2366 dapes,
856 2229 1246 2362 contactuque
1270 2197 1470 2319 omnia
1491 2193 1736 2323 foedant

184 2452 514 2578 Inmundo:
558 2486 684 2581 tunr
709 2500 827 2577 vox
851 2485 1100 2578 taetrum
1124 2451 1248 2577 dira
1269 2452 1421 2576 inter
1443 2451 1707 2578 odorem.

181 2711 438 2833 Rursum
462 2710 523 2833 in
544 2707 751 2865 secessu
772 2707 951 2878 longo
972 2708 1077 2833 sub
1100 2756 1244 2880 rupe
1268 2743 1487 2852 cavata,

181 2954 515 3094 Arboribus
539 2965 711 3093 clausr
735 2967 951 3092 circum
977 2999 1152 3134 atque
1175 2966 1545 3093 horrentibus
1568 2968 1808 3110 umbris,

179 3222 518 3348 Instruimus
543 3228 780 3366 mensas,
810 3224 1035 3392 arisque
1058 3224 1393 3395 reponimus
1417 3224 1630 3394 ignem.

173 3480 430 3603 Rursum
455 3525 531 3605 ex
553 3476 772 3608 diverso
797 3479 943 3604 coeli
967 3479 1264 3645 caecisque
1287 3480 1518 3605 latebris

172 3734 383 3860 Turba
403 3738 609 3860 sonans
632 3733 910 3909 praedam
934 3733 1187 3907 pedibus
1212 3735 1588 3862 circumvolat
1611 3738 1808 3864 uncis:

173 3992 394 4117 Polluit
417 4037 518 4117 ore
544 3992 741 4164 dapes.
789 3995 967 4118 Sociis
990 4027 1149 4135 tunc,
1179 4040 1335 4117 arma
1361 3990 1668 4165 capessant,

172 4247 381 4392 Edico,
410 4282 470 4374 et
494 4248 615 4375 dira
639 4248 862 4374 bellum
887 4296 1022 4374 cum
1045 4283 1219 4419 gente
1241 4249 1581 4419 gerendum.

171 4503 359 4634 Haud
379 4508 536 4632 secus
560 4554 626 4631 ac
641 4502 773 4679 julli
796 4503 1032 4647 faciunt,
1061 4506 1367 4673 tectosque
1390 4554 1496 4677 per
1518 4505 1760 4635 herbam

170 4764 510 4935 Disponunt
532 4766 693 4906 ensrs,
723 4796 782 4889 et
802 4765 961 4889 scuta
982 4761 1219 4890 latentia
1250 4762 1536 4890 condunt.

169 5023 326 5188 Ergo
350 5019 455 5145 ubi
480 4982 742 5190 delapsae
764 5020 1015 5175 sonitum
1038 5067 1143 5190 per
1166 5064 1340 5144 curva
1365 5017 1577 5146 dedere

170 5276 373 5403 Litora
381 5346 396 5424 ς
429 5275 531 5401 dat
554 5278 778 5445 srgnum
801 5273 1030 5448 specula
1054 5275 1309 5402 Misenus
1333 5276 1408 5402 ab
1433 5275 1548 5403 alta

170 5543 332 5660 Aere
355 5580 514 5658 cavo.
560 5532 855 5659 invadunt
876 5533 1025 5677 socii,
1055 5566 1114 5658 et
1135 5578 1289 5659 nova
1311 5534 1531 5704 proelia
1553 5565 1799 5682 tentant,

172 5789 499 5916 Obscaenas
523 5788 713 5961 pelagi
738 5788 887 5917 ferro
912 5787 1146 5916 foedare
1167 5788 1445 5918 volucres

169 6046 287 6173 Sed
309 6090 500 6215 neque
522 6048 641 6173 vim
664 6048 879 6220 plumis
903 6046 1099 6190 ullam,
1128 6095 1237 6173 nec
1260 6047 1496 6175 volnera
1519 6084 1683 6221 tergo
1754 6193 1760 6199 ,

167 6303 528 6476 Adcipiunt3
562 6302 846 6476 celerique
869 6268 1006 6476 fuga
1028 6302 1130 6432 sub
1152 6304 1333 6431 sadera
1355 6305 1543 6478 lapsae

170 6564 459 6687 Semesam
483 6560 759 6734 praedam
785 6596 844 6688 et
865 6563 1093 6733 vestigia
1119 6560 1294 6689 so'eda
1316 6561 1669 6735 relinquunt.

167 6818 303 6943 Una
324 6814 384 6945 in
408 6820 690 6994 praecelsa
714 6819 971 6949 consedit
991 6867 1136 6992 rupe
1164 6819 1438 6965 Celaeno,
1474 6830 1478 6837 ’

1007 7106 1030 7211 3
1067 7081 1102 7163 n
