5106 8526
482 852 1071 985 Aruernos
1130 850 1774 1026 nra.1r.v.499.
1908 790 2102 1030 269⁴

219 1149 384 1271 Haec
408 1140 578 1272 effata
599 1145 737 1273 filet.
784 1145 976 1274 Pallor
995 1144 1163 1273 fimul
1187 1179 1581 1319 occupatura.

217 1406 361 1529 Non
383 1438 582 1530 tamen
606 1398 793 1530 Anna
814 1405 978 1531 novis
1001 1435 1340 1576 praetexere
1363 1401 1566 1531 funera
1587 1400 1755 1532 sacris

212 1665 577 1787 Germanarn
601 1660 800 1805 credit,
829 1707 937 1787 nec
963 1692 1156 1788 tantos
1181 1690 1380 1788 mente
1402 1657 1624 1788 furores
1741 1730 1746 1737 ·

132 1970 137 1979 ’
213 1918 510 2090 Concipit,
540 1950 641 2044 aut
661 1920 919 2089 graviora
941 1919 1126 2061 timet,
1155 1900 1335 2085 quam
1358 1953 1547 2045 morte
1574 1915 1818 2044 Sichaei,

211 2175 366 2345 Ergo
381 2172 530 2347 jussa
551 2207 736 2345 parat.

298 2439 390 2557 At
411 2432 624 2600 regina,
652 2479 800 2603 pyra
824 2431 1104 2602 penetrali
1126 2430 1340 2559 insede
1362 2429 1468 2559 sub
1491 2474 1657 2559 auras
1726 2520 1733 2533 ,

207 2693 417 2816 Erecta
439 2689 676 2857 ingenti,
706 2687 906 2831 taedis,
936 2722 1112 2856 atque
1134 2687 1261 2815 ilice
1282 2691 1447 2833 secta,

206 2944 584 3115 intenditque
607 2943 805 3072 locum
826 2948 998 3089 sertis,
1023 2978 1083 3071 et
1105 2943 1313 3072 fronde
1338 2977 1584 3073 coronat

204 3204 494 3327 Funerea:
534 3205 703 3373 super
725 3204 977 3345 exuvias,
1005 3204 1314 3372 ensemque
1338 3200 1629 3346 relictum,

201 3451 587 3628 Effigiemque
609 3491 740 3583 toro
763 3455 934 3600 locat,
962 3454 1125 3583 haud
1145 3458 1342 3627 ignara
1366 3454 1564 3584 futuri.

202 3718 373 3841 Stant
395 3761 523 3839 arae
547 3715 781 3856 circum,
811 3744 870 3838 et
889 3713 1060 3887 crinis
1084 3711 1253 3840 effusa
1274 3712 1537 3840 sacerdos

200 3974 325 4097 Ter
349 4004 588 4097 centum
612 4001 778 4096 tonat
799 4014 899 4095 ore
922 3967 1082 4115 deos,
1110 3940 1504 4138 Erebumque,
1535 3967 1874 4139 Chaosque,

196 4227 732 4397 Tergeminamque
753 4232 1051 4387 Hecaten,
1070 4227 1178 4353 tria
1200 4227 1432 4396 virginis
1456 4272 1560 4352 ora
1584 4226 1832 4356 Dianae.

199 4486 491 4658 Sparserat
510 4516 570 4610 et
591 4481 787 4610 latices
807 4483 1099 4611 fimulatos
1122 4479 1300 4612 fontis
1325 4485 1579 4610 Averni:
1613 4654 1619 4663 ι
1819 4507 1827 4519 ’

194 4740 466 4868 Fascibus
490 4774 550 4866 et
573 4736 780 4866 messae
803 4737 880 4866 ad
901 4747 1136 4869 Lunam
1161 4771 1519 4910 quaeruntur
1542 4740 1704 4868 ainis

195 4996 495 5124 Pubentes
517 4995 750 5140 herbae,
779 4997 925 5167 nigri
948 5043 1084 5123 cum
1106 4994 1256 5123 lacte
1277 4952 1517 5124 veneni:

193 5254 515 5427 Qraeritur
537 5287 597 5380 et
616 5255 894 5383 nascentis
918 5252 1057 5423 equi
1079 5251 1154 5381 de
1176 5248 1369 5380 fronte
1389 5251 1661 5395 revolsus,

188 5516 272 5636 Et
296 5512 465 5637 matri
488 5546 825 5684 praereptus
849 5558 1031 5638 amor.
1078 5644 1082 5649 ,
1276 5518 1279 5521 ’

189 5768 321 5940 Ipsa
344 5767 517 5914 mola,
548 5768 933 5938 manibusque
956 5768 1082 5939 piis,
1111 5769 1307 5895 altaria
1321 5772 1509 5944 juxta,

185 6027 399 6151 Unum
420 6058 596 6153 exuta
616 6025 831 6200 pedem
852 6024 1072 6170 vinclis,
1100 6025 1162 6152 in
1183 6029 1336 6153 veste
1358 6024 1628 6168 recincta,

186 6285 464 6410 Testatur
487 6285 763 6412 moritura
787 6289 968 6427 Deos,
998 6315 1059 6411 et
1081 6283 1307 6411 conscia
1328 6280 1431 6409 sati

187 6538 420 6667 Sidera:
462 6575 608 6685 tum,
635 6544 680 6667 s1
700 6539 866 6711 quod
888 6587 1011 6667 non
1035 6587 1224 6710 aequo
1249 6537 1486 6666 foedere
1509 6541 1757 6668 amantis

187 6798 385 6925 Curae
408 6798 846 6946 numenhabet,
868 6799 1208 6974 justumque
1231 6842 1572 6969 memorque
1592 6830 1878 6972 precatur.
1912 6902 1917 6911 .

1037 7083 1063 7189 3
1097 7059 1135 7140 Y
