5074 8524
404 934 890 1059 GEORG.
979 933 1214 1061 LIB.
1290 936 1392 1063 IV.
1478 978 1710 1108 v.545.
1853 982 1970 1111 143

160 1221 402 1350 Inferias
425 1222 655 1395 Orphei
676 1196 937 1350 Lethaea
960 1272 1254 1396 papavera
1277 1227 1488 1374 mittes,

158 1481 455 1608 Placatam
478 1478 811 1653 Eurydicen
830 1480 1010 1608 vitula
1030 1480 1382 1610 venerabere
1405 1488 1577 1629 caesa,

154 1742 236 1864 Et
258 1738 481 1909 nigram
505 1733 782 1863 mactabis
805 1782 995 1882 ovem,
1022 1737 1339 1909 lucumque
1359 1741 1577 1869 revises.

153 1993 341 2121 Haud
362 2038 551 2119 mora:
594 1992 876 2121 continuo
901 1996 1095 2120 matris
1118 2030 1427 2168 praecepta
1449 1992 1686 2129 faceffit:

150 2249 264 2379 Ad
287 2249 526 2378 delubra
548 2251 730 2400 venit3
763 2253 1102 2378 monstratas
1127 2253 1340 2379 excitat
1362 2301 1511 2406 aras;

153 2514 430 2679 Quatuor
451 2505 692 2634 eximios
715 2508 1022 2679 praestanti
1044 2551 1286 2679 corpore
1309 2540 1504 2636 tauros

153 2765 356 2908 Ducit,
385 2796 446 2890 et
464 2764 681 2890 intacta
703 2762 949 2892 totidem
974 2763 1192 2890 cervice
1206 2764 1504 2938 juvencas.

150 3022 306 3164 Post,
333 3019 437 3146 ubi
460 3064 617 3145 nona
638 3023 766 3147 suos
789 3026 1027 3145 Aurora
1049 3017 1364 3150 induxerat
1383 3056 1563 3166 ortus,

147 3275 388 3405 Inferias
414 3274 644 3447 Orphei
667 3276 862 3418 mittit,
889 3274 1207 3445 lucumque
1228 3279 1431 3406 revifit.

148 3538 269 3662 Hic
292 3578 430 3659 vero
452 3531 704 3658 subitum
728 3578 794 3657 ac
819 3530 980 3658 dictu
1002 3531 1259 3658 mirabile
1282 3535 1605 3659 monstrum

148 3790 519 3963 Adspiciunt,
547 3786 854 3958 liquefacta
878 3785 1062 3913 boum
1085 3836 1191 3959 per
1212 3789 1420 3916 viscera
1442 3823 1571 3918 toto

150 4046 404 4174 Stridere
428 4093 565 4218 apes
587 4078 772 4189 uter0,
800 4073 860 4170 et
879 4045 1063 4215 ruptis
1088 4040 1357 4173 effervere
1380 4047 1573 4197 costis3

149 4306 559 4471 Inmensasque
581 4302 733 4428 trahi
754 4300 965 4427 nubes:
997 4300 1238 4474 jamque
1261 4299 1466 4430 arbore
1487 4305 1711 4429 summa

151 4558 485 4703 Confluere‚
514 4592 574 4687 et
594 4557 764 4687 lentis
786 4602 963 4685 uvam
985 4554 1290 4686 demittere
1313 4559 1502 4686 ramis.

237 4819 402 4943 Haec
423 4818 590 4989 super
612 4861 880 4943 arvorum
904 4812 1064 4941 cultu
1086 4860 1486 4986 pecorumque
1508 4811 1807 4959 canebam,

147 5079 227 5199 Et
247 5075 415 5244 super
436 5070 761 5197 arboribus:
804 5071 1011 5198 Caesar
1035 5068 1178 5196 dum
1202 5116 1444 5242 magnus
1468 5068 1546 5198 ad
1568 5068 1751 5196 altum
2002 5107 2006 5113 ’

147 5328 442 5455 Ftdminat
464 5326 804 5498 Euphraten
826 5324 999 5470 bello,
1027 5327 1327 5496 victorque
1348 5327 1592 5455 volentis

151 5593 264 5712 Per
285 5582 536 5756 populos
561 5583 662 5711 dat
676 5583 825 5757 jura,
851 5583 1122 5752 viamque
1145 5579 1400 5711 adfectat
1423 5583 1706 5759 Olympo.
1826 5582 1830 5589 ’

150 5842 260 5967 Illo
282 5841 587 6013 Virgilium
611 5887 705 5967 me
728 5871 993 6012 tempore
1018 5839 1199 5967 dulcis
1224 5838 1415 5968 alebat

150 6096 539 6270 Parthenope,
566 6095 764 6223 studiis
786 6094 1091 6224 florentem
1114 6094 1379 6269 ignobilis
1403 6101 1516 6237 oti:

152 6355 430 6483 Carmina
453 6354 553 6523 qui
574 6352 678 6480 lusr
698 6356 1011 6529 pastorum,
1040 6354 1352 6523 audaxque
1366 6354 1627 6528 juventa,

152 6613 376 6785 Tityre,
406 6646 463 6741 te
487 6612 718 6786 patulae
742 6613 922 6743 cecini
943 6611 1047 6742 sub
1069 6613 1324 6786 tegmine
1347 6609 1477 6785 fagi.
