5074 8524
403 868 1034 993 Anunrnos
1101 866 1306 993 orn.
1374 867 1421 991 1.
1487 795 1776 1036 v.173.'
1863 914 1981 1043 153

172 1158 248 1288 Et
266 1159 375 1287 sale
399 1158 649 1287 tabentis
666 1152 1098 1284 'artu's'inlitore
1122 1162 1376 1327 ponunt.
1526 1164 1533 1181 ’
1682 1168 1691 1179 ’

171 1425 270 1545 Ac
293 1417 548 1591 primurn
570 1414 707 1540 filici
727 1414 1025 1542 scintillam
1048 1412 1289 1541 excudit
1312 1413 1619 1560 Achates,
1738 1538 1741 1545 ,

169 1671 761 1847 Suscepitque'ignem
785 1669 950 1816 foliis,
979 1703 1154 1840 atque
1178 1669 1338 1798 arida·
1357 1672 1575 1799 circum
1726 1686 1731 1693 ’

169 1932 551 2087 Nutrimenta
571 1926 752 2071 dedit,
781 1929 1088 2100 rapuitque
1109 1928 1171 2053 in
1194 1924 1396 2056 fomite
1417 1927 1734 2057 flammam.

167 2194 330 2316 Tum
357 2188 630 2314 Cererem
654 2217 987 2357 corruptam
1008 2182 1199 2326 undis,
1231 2185 1606 2357 Cerealiaque
1630 2234 1788 2316 anna

166 2442 509 2618 Expediunt
533 2437 652 2569 fefli
674 2489 891 2593 rerum;
915 2438 1232 2612 'frugesque
1254 2476 1516 2615 receptas
1714 2466 1716 2475 ’

168 2709 248 2829 Et
270 2733 485 2828 torrere
506 2704 713 2873 parant
733 2697 1000 2841 flammis,
1030 2729 1089 2823 et
1112 2695 1549 2898 frangeresaxo.

166 2967 406 3086 Aeneas
429 2955 730 3128 scopulum
753 2956 972 3080 interea
996 2955 1341 3099 conscendit,
1371 2964 1431 3082 et
1453 3001 1694 3082 omnem
1842 2968 1849 2983 ’

166 3216 546 3385 Prospectum
569 3215 683 3339 late
706 3211 913 3384 pelago
937 3212 1109 3383 petit;
1141 3212 1388 3338 Anthea
1410 3215 1453 3336 fi
1476 3228 1653 3381 quem
1748 3226 1756 3239 '

36 3554 38 3559 ,
164 3473 465 3639 Jactatum
488 3501 667 3596 vento
688 3465 1326 3638 uideatPhrygiasque
1350 3468 1598 3612 biremis,
1631 3478 1639 3493 '

165 3734 301 3853 Aut
327 3731 561 3899 Capyn,
591 3758 691 3852 aut
715 3722 870 3851 celsis
892 3724 954 3847 in
976 3724 1274 3896 puppibus
1298 3770 1457 3850 arma
1482 3724 1664 3849 Caici.
1775 3736 1779 3743 ’

164 3987 399 4111 Navem
421 3985 482 4107 in
507 3982 815 4153 conspectu
838 3979 1076 4107 nullam.
1120 3981 1252 4107 Tris
1276 3979 1441 4107 litore
1466 4026 1664 4107 cervos

164 4240 447 4412 Prospicit
471 4240 734 4367 errantis:
775 4236 884 4396 hos
909 4269 1033 4364 tota
1054 4246 1315 4363 armenta
1337 4240 1654 4405 sequuntur
1804 4248 1808 4255 ’

165 4506 231 4625 A
254 4532 437 4669 tergo,
467 4529 525 4624 et
546 4495 790 4666 longum
812 4541 920 4665 per
940 4492 1099 4621 vallis
1122 4496 1369 4668 pascitur
1391 4539 1617 4664 agmen.
1696 4504 1705 4517 '

167 4755 442 4884 Constitit
462 4753 578 4897 hic,
607 4798 921 4922 arcumque
944 4797 1125 4878 manu
1147 4748 1466 4920 celerisque
1480 4750 1706 4919 sagittas

169 5008 507 5183 Conripuit,
536 5009 688 5135 fidus
713 5056 862 5177 quae
886 5005 999 5132 tela
1020 4966 1542 5176 gerebatnchates
1560 5020 1601 5155 3'

168 5265 747 5434 Ductoresque'ipsos
770 5265 1041 5436 pumum,
1072 5263 1262 5435 capita
1284 5262 1398 5388 alta
1421 5258 1652 5388 ferentis

168 5519 461 5651 Cornibus
486 5519 752 5663 arboreis,
780 5521 1001 5670 sternit,
1040 5552 1168 5646 tum
1190 5516 1420 5690 volgus:
1464 5550 1524 5646 et
1546 5562 1785 5643 omnem
1928 5538 1934 5547 ’

165 5780 371 5905 Miscet
394 5823 567 5950 agens
591 5776 718 5903 telis
740 5823 980 5904 nemora
1000 5776 1150 5902 inter
1171 5773 1415 5903 frondea
1439 5774 1689 5902 turbam.

165 6041 296 6161 Nec
319 6036 477 6207 prius
500 6033 723 6176 abfistit,
753 6042 931 6202 quam
951 6036 1172 6205 septein
1193 6034 1448 6204 ingentia
1470 6033 1656 6161 vietor
1866 6050 1871 6057 ’
1986 6052 1991 6059 ’

166 6295 432 6462 Corpora
455 6287 664 6416 fundat
686 6290 869 6434 humi,
898 6323 957 6417 et
978 6302 1288 6415 numerum
1309 6300 1445 6415 curn
1469 6286 1713 6415 navibus
1736 6321 1962 6456 aequet.

165 6549 323 6675 Hinc
345 6580 584 6719 portunr
606 6549 770 6720 petit,
800 6582 859 6674 et
872 6547 1057 6674 'socios
1081 6546 1327 6720 partitur
1347 6547 1414 6671 in'
1432 6546 1637 6673 omnis.
1789 6566 1796 6575 ’
1856 6568 1861 6575 ’

163 6804 345 6950 Vina,
367 6802 731 6974 bonusquae
756 6803 967 6935 deinde
992 6802 1148 6931 'cadis
1172 6816 1437 6934 onerarat
1460 6805 1699 6933 Acestes

1005 7062 1142 7183 ²Q
