5106 8526
456 852 1308 979 AENEIDOSLIB.
1366 854 1470 978 IV.
1526 862 1754 1016 v.1'77.
1886 895 2015 1027 255
2166 966 2169 971 ,

198 1142 644 1315 Ingrediturque
666 1140 803 1286 solo,
831 1175 892 1268 et
914 1171 1092 1313 caput
1112 1139 1263 1267 inter
1284 1140 1486 1268 nubila
1510 1140 1731 1270 condit.

196 1403 365 1531 Illam
388 1407 573 1529 Terra
595 1446 821 1574 parens,
850 1398 932 1524 ira
953 1397 1183 1525 inritata
1206 1395 1472 1544 deorum,

193 1665 556 1803 Extremam,
579 1673 652 1793 ut
669 1654 998 1831 perhibent,
1028 1660 1196 1785 Coeo
1220 1653 1636 1827 Enceladoque
1657 1661 1908 1788 sororem

194 1919 528 2088 Progenuit,
556 1912 806 2087 pedibus
830 1913 1092 2057 celerem,
1121 1945 1181 2040 et
1202 1913 1534 2087 pernicibus
1558 1915 1676 2045 alis.
1742 1971 1747 1977 ·
1954 1973 1959 1984 ·

190 2110 525 2300 Monstrum
540 2170 918 2314 horrendum,
929 2172 1157 2343 ingens:
1181 2173 1293 2319 cui,
1305 2206 1456 2342 quot
1471 2174 1602 2302 sunt
1618 2218 1868 2350 corpore
1886 2174 2140 2354 plumae,

190 2436 320 2560 Tot
341 2428 538 2601 vigiles
562 2429 715 2557 oculi
736 2428 944 2575 subter,
972 2425 1232 2559 mirabile
1256 2363 1438 2574 dictu,

189 2691 322 2816 Tot
342 2688 592 2859 linguae,
619 2685 873 2815 totidem
895 2698 996 2813 ora
1017 2689 1239 2830 sonant,
1268 2717 1360 2815 tot
1380 2685 1621 2860 subrigit
1640 2690 1810 2821 auris.
1994 2832 2004 2854 ,

190 2949 389 3073 Nocte
410 2943 570 3074 volat
591 2944 737 3073 coeli
759 2941 957 3071 medio
982 2978 1299 3112 terraeque,
1327 2992 1434 3119 per
1454 2946 1727 3077 umbram
1935 3052 1939 3061 .

193 3203 469 3347 Stridens,
497 3249 608 3329 nec
630 3201 787 3330 dulci
810 3199 1066 3328 declinat
1086 3199 1309 3327 lumina
1329 3204 1553 3332 somno.

188 3465 354 3586 Luce
375 3456 536 3585 sedet
557 3459 746 3585 custos
770 3491 874 3584 aut
893 3458 1102 3583 summi
1126 3455 1380 3584 culmine
1402 3460 1559 3602 tecti,

190 3712 605 3843 Turribusaut
627 3711 787 3858 altis,
800 3746 860 3841 et
882 3759 1121 3884 magnas
1143 3715 1366 3842 territat
1385 3714 1574 3868 urbis;

189 3973 347 4099 Tam
369 3970 490 4097 ficti
512 3971 792 4144 pravique
813 3980 1011 4114 tenari,
1039 4014 1218 4140 quam
1240 3972 1448 4098 nuntia
1468 3970 1609 4099 veri.

189 4234 359 4357 Haec
381 4259 510 4355 tum
535 4225 841 4399 multiplici
861 4225 1117 4398 populos
1132 4229 1395 4354 sermone
1415 4226 1682 4401 replebat

192 4482 498 4629 Gaudens,
527 4516 588 4611 et
608 4484 821 4656 pariter
843 4480 996 4608 facta
1019 4515 1196 4652 atque
1218 4481 1433 4611 infecta
1455 4483 1730 4614 canebat:
1980 4598 1987 4608 .

188 4738 423 4872 Venille
446 4745 721 4883 Aenean,
745 4741 1011 4912 Trojano
1031 4787 1064 4866 a
1085 4741 1360 4911 sanguine
1383 4774 1628 4888 cretum,

191 4998 310 5127 Cui
329 5001 385 5124 se
406 4994 653 5170 pulchra
673 4993 798 5120 viro
821 4993 1093 5166 dignetur
1106 4997 1352 5171 jungere
1377 4996 1570 5125 Dido:

189 5259 373 5383 Nunc
393 5253 650 5380 hiemem
674 5253 826 5379 inter
844 5255 901 5378 se
921 5253 1087 5401 luxu,
1115 5299 1294 5423 quam
1314 5252 1509 5425 longa,
1536 5252 1734 5383 fovere

187 5517 537 5685 Regnorum
562 5510 929 5656 inmemores,
957 5509 1230 5683 turpique
1255 5511 1531 5685 cupidine
1555 5544 1776 5686 captos.

187 5771 356 5895 Haec
378 5762 579 5940 paffim
604 5773 737 5895 Dea
758 5764 930 5895 foeda
952 5767 1147 5894 virdm
1171 5763 1447 5899 diffundit
1468 5769 1534 5895 in
1553 5815 1675 5897 ora.

186 6025 462 6152 Protinus
485 6023 561 6152 ad
582 6071 778 6197 regem
802 6026 993 6153 cursus
1017 6027 1333 6196 detorquet
1354 6025 1586 6172 Iarban,

185 6281 575 6454 Incenditque
598 6283 861 6409 animum
884 6283 1070 6427 dietis,
1099 6315 1276 6452 atque
1299 6318 1531 6458 aggerat
1552 6285 1682 6412 iras.

275 6539 391 6666 Hic
413 6546 753 6668 Hammone
774 6543 941 6684 satus,
969 6573 1140 6713 rapta
1159 6540 1585 6673 Garamantide
1605 6537 1915 6719 Nympha,

180 6793 442 6971 Templa
464 6799 608 6968 Jovi
626 6829 881 6943 centum,
908 6795 1037 6927 latis
1058 6797 1315 6928 inmania
1337 6800 1546 6971 regni&
1700 6846 1708 6857 ’
