5074 8524
420 854 1323 988 Anunroosmn.
1391 853 1436 977 1.
1502 888 1735 1027 vast·
1868 857 2012 983 161'

172 1146 339 1271 Tum
362 1141 607 1270 celerare
630 1141 827 1313 sugam
849 1142 1150 1313 patriaque
1173 1140 1453 1269 excedere
1475 1141 1692 1288 suadet,
1720 1196 1725 1202 ·

175 1399 604 1570 Auxiliumque
627 1400 752 1526 viae
771 1432 991 1527 veteres
1014 1397 1215 1525 tellure
1238 1396 1483 1526 recludit

173 1655 520 1800 ThesauroS,
547 1655 815 1825 ignotum
839 1656 1059 1826 argenti
1080 1653 1315 1828 pondus
1339 1687 1399 1781 et
1420 1657 1559 1783 auri.

172 1915 283 2043 His
307 1945 584 2039 conmota
601 1909 808 2083 ¹fugam
832 1909 995 2038 Dido
1017 1913 1312 2081 sociosque
1335 1910 1605 2083 parabat,
1762 2086 1766 2091 ,

175 2168 568 2312 Conveniunt,
584 2165 808 2335 quibus
832 2201 932 2292 aut
956 2165 1160 2294 odium
1185 2167 1416 2297 crudele
1438 2168 1690 2338 tyranni,
1736 2238 1741 2247 ·

170 2433 305 2552 Aut
327 2458 517 2594 metus
539 2471 669 2601 acer
692 2457 840 2551 erat:
880 2424 1060 2568 navis,
1089 2471 1237 2594 quae
1261 2420 1410 2552 sorte
1433 2456 1685 2596 paratae,
1804 2592 1809 2607 ι

170 2681 541 2854 Conripiunt,
570 2711 931 2850 onerantque
955 2725 1112 2807 auro.
1157 2687 1470 2808 Portantur
1490 2680 1646 2807 avari

170 2937 563 3111 Pygmalionis
586 2983 728 3108 opes
750 2933 976 3109 pelago.
1023 2942 1167 3063 Dux
1191 2933 1406 3064 semina
1430 2933 1610 3071 facti„
1791 3111 1795 3118 Ι

170 3200 479 3323 Devenere
500 3192 677 3337 locos,
705 3190 808 3318 ubi
829 3239 989 3319 nunc
1010 3193 1266 3364 ingentia
1288 3200 1485 3320 cernes
1533 3306 1539 3319 .

167 3451 428 3594 Moenia,
455 3452 897 3619 surgentemque
920 3493 1110 3574 novae
1134 3447 1499 3620 Carthaginis
1524 3490 1743 3577 arcemr

167 3708 531 3875 Mercatique
553 3706 754 3849 solum,
783 3701 921 3832 sacti
944 3702 1018 3831 de
1040 3705 1280 3831 nomine
1303 3708 1557 3879 Byrsam,

167 3964 432 4092 Taurino
455 3995 740 4130 quantum
765 3958 1001 4133 possent
1015 3960 1370 4090 circumdare
1393 3997 1574 4136 terg0.
1651 4059 1653 4064 ·
1735 4106 1739 4113 ὗ

169 4218 287 4348 Sed
308 4266 413 4347 vos
437 4216 538 4388 qui
560 4214 816 4363 tandem,
845 4215 1055 4385 quibus
1079 4249 1180 4344 aut
1201 4218 1427 4347 venistis
1452 4219 1527 4347 ab
1549 4218 1681 4362 oris,
1734 4344 1737 4349 ,

168 4481 387 4647 Qrove
410 4473 617 4608 tenetis
637 4472 774 4599 iter?
820 4475 1144 4643 Quaerenti
1166 4473 1375 4604 talibus
1398 4474 1492 4608 ille

170 4668 484 4905 Suspirans,
510 4731 749 4900 imoque
771 4728 1003 4857 trahens
1026 4777 1064 4855 a
1084 4765 1321 4904 pectore
1343 4778 1578 4862 vocem:

168 4997 230 5119 Ο
256 4986 383 5130 dea,
410 4989 453 5111 fi
475 4987 661 5158 prima
682 4952 948 5157 repetens
972 4982 1047 5110 ab
1070 4987 1289 5157 origine
1311 5036 1567 5161 pergam,
1670 5114 1674 5121 ,

170 5250 248 5372 Et
270 5275 436 5371 vacet
459 5240 678 5367 annalis
701 5244 1030 5367 nostrorum
1053 5239 1252 5370 audire
1274 5243 1538 5371 labomm
1549 5315 1567 5395 3

169 5508 337 5628 Ante
363 5497 518 5626 diem
542 5496 728 5627 clauso
753 5506 1054 5673 conponet
1072 5503 1270 5673 vesper
1295 5500 1578 5673 Olympo.

168 5718 299 5884 Nos
325 5757 505 5930 Troja
527 5757 781 5924 antiqua,
809 5760 852 5882 fi
872 5759 1080 5886 vestras
1104 5753 1254 5887 sorte
1276 5805 1381 5929 per
1404 5758 1553 5885 auris

167 6014 382 6189 Trojae
405 6058 624 6142 nomen
645 6013 728 6161 iit,
757 6014 971 6140 diversa
993 6061 1099 6185 per
1120 6058 1370 6184 aequora
1391 6047 1589 6142 vectos

165 6275 341 6398 Forte
362 6273 459 6395 sua
482 6270 718 6440 Libycis
742 6271 1048 6444 tempestas
1072 6269 1297 6441 adpulit
1318 6271 1450 6400 oris.

169 6533 313 6653 Sum
335 6528 467 6700 pius
491 6533 749 6672 Aeneas,
772 6560 968 6701 raptos
992 6527 1189 6697 quiex
1211 6525 1375 6653 hoste
1400 6529 1645 6657 Penates
1812 6706 1814 6709 v

170 6781 356 6914 Classe
378 6784 531 6914 veho
559 6831 808 6930 mecum,
833 6782 992 6914 sama
1013 6787 1181 6957 su'per
1203 6783 1435 6913 aethera
1458 6816 1650 6919 notus.¹
1807 6850 1814 6859 ·

1018 7069 1044 7137 2
1078 7045 1107 7130 s
