5074 8524
396 928 555 1053 GE
598 923 657 1049 O
701 924 769 1049 R.
807 926 884 1052 G.
972 928 1211 1053 LIB.
1285 931 1391 1055 ΙΙΙ.
1477 963 1531 1058 v.
1564 933 1717 1099 246,
1850 962 1976 1103 105,

145 1220 395 1353 Saevior
417 1216 625 1344 erravit
648 1217 895 1388 campis:
936 1261 1048 1343 nec
1071 1215 1279 1349 funcra
1296 1218 1472 1391 volgo

140 1472 311 1610 Tam
333 1474 519 1603 multa
538 1471 814 1601 informes
837 1477 953 1601 urfi
972 1477 1340 1647 stragemque
1356 1475 1589 1606 dedere.
1643 1606 1647 1614 .

142 1742 266 1866 Per
286 1735 467 1863 silvas.
509 1734 674 1858 Tum
695 1734 892 1859 saevus
916 1780 1071 1905 aper,
1099 1768 1228 1863 turn
1251 1730 1488 1907 pellima
1507 1738 1680 1908 tigris.
1851 1761 1856 1773 ’

138 2001 308 2137 Heu,
337 1991 488 2119 male
511 2023 640 2155 tum
663 1988 891 2162 Libyae
911 1992 1038 2121 solis
1062 2025 1281 2120 erratur
1292 1995 1364 2123 in
1387 1995 1552 2166 agris,

138 2257 371 2378 Nonne
393 2246 572 2392 vides,
599 2276 669 2374 ut
691 2281 816 2375 tota
836 2282 1066 2376 trernor:
1076 2280 1376 2423 pertentet·
1390 2298 1687 2421 equorum·
1827 2386 1831 2391 ,

141 2514 439 2681 Corpora,
466 2509 762 2633 fitantum
791 2539 965 2634 notas
984 2506 1134 2636 odor
1157 2508 1365 2641 adtulit
1386 2556 1549 2643 auras
1561 2508 1586 2643 i,
1843 2635 1854 2646 .

140 2771 251 2892 Ac
272 2811 465 2933 neque
490 2809 589 2889 eos
603 2763 728 2937 jam
751 2760 914 2891 frena
936 2764 1146 2910 virbm,
1173 2810 1369 2936 neque
1387 2765 1633 2895 verbera·
1646 2765 1826 2911 saeva,

141 3028 297 3149 Non
316 3020 551 3193 scopuli,
578 3065 869 3192 rupesque
894 3066 1086 3166 cavae,
1114 3055 1293 3192 atque
1313 3022 1543 3198 objecta
1562 3023 1859 3152 retardant

138 3279 438 3422 Flumina,
463 3310 890 3449 conreptosque
911 3278 1076 3405 undal
1097 3280 1430 3449 torquentia
1451 3281 1683 3407 montis.

139 3538 274 3709 Ipse
295 3535 426 3679 ruit,
454 3532 760 3704 dentisque
784 3533 1098 3663 Sabellicus
1118 3538 1354 3663 ⁴exacuit
1375 3540 1481 3682 sus,

141 3798 228 3920 Et
248 3790 403 3966 pede
425 3791 742 3966 prosubigit
764 3826 994 3936 terram,
1024 3790 1193 3920 fricat
1212 3794 1416 3924 arbore
1440 3796 1620 3927 costas

142 4057 356 4219 Atque
378 4049 517 4173 hinc
540 4082 715 4217 atque
737 4048 913 4192 illinc,
938 4050 1216 4181 humeros
1238 4051 1318 4181 ad
1338 4051 1573 4181 volnera
1596 4050 1782 4181 durat.

143 4305 317 4476 Qud
329 4307 577 4480 juvenis,
607 4350 887 4475 magnum
909 4307 1003 4431 cui
1022 4310 1206 4435 versat
1223 4311 1291 4435 in
1311 4303 1529 4441 ollibus
1540 4308 1745 4479 ,ignem

145 4567 351 4690 Durus
373 4562 570 4689 arnor?
596 4606 816 4735 nempe
836 4560 1354 4737 sluupt'uttubata
1375 4563 1641 4737 procellis

145 4824 344 4947 Nocte
365 4852 529 4947 natat
551 4821 725 4946 caeca
743 4821 900 4946 ferus
918 4817 1304 4991 fretax.quem
1324 4824 1493 4995 super
1514 4823 1718 4994 ingens

147 5082 329 5202 Porta
351 5108 518 5204 tonat
540 5075 707 5220 coeli,
732 5107 793 5203 et
812 5075 1239 5248 scopulisinlisa
1257 5076 1576 5209 reclamant
1835 5216 1840 5221 ,

145 5343 457 5503 Aequora;
489 5380 599 5461 nec
622 5332 805 5457 misen·
825 5328 1358 5505 polluntrcvoeare
1377 5366 1661 5507 parentes,
1865 5410 1867 5413 v

146 5596 279 5718 Nec
301 5589 578 5717 moritura
601 5591 770 5761 super
791 5588 1013 5717 crudeli
1034 5588 1236 5719 funere
1257 5593 1437 5762 virgo.

146 5846 318 6019 Quid
339 5847 538 6020 lynces
562 5846 776 5974 Bacchi
795 5851 1002 5993 variae,
1030 5883 1090 5976 et
1110 5897 1293 6020 genus
1317 5897 1446 5976 acre
1467 5849 1761 6022 luporum,
1954 5884 1961 5889 ·

146 6086 357 6273 Atque
381 6106 624 6231 canum?
660 6103 826 6274 quid,
852 6150 1003 6275 quae
1024 6106 1264 6235 inbelles
1289 6105 1434 6235 (lant
1454 6106 1672 6280 proelia
1695 6103 1876 6232 cervi?

236 6361 469 6488 Scilicet
479 6395 624 6489 ante
644 6360 1018 6491 omnisluror
1040 6366 1123 6490 est
1142 6365 1377 6536 infignis
1396 6409 1704 6534 equarum:
1855 6448 1859 6455 -

148 6622 225 6742 Et
247 6650 510 6746 mentem
531 6623 740 6747 Venus
757 6622 875 6793 ipsa
898 6620 1083 6768 dedit,
1108 6669 1235 6793 quo
1255 6656 1524 6795 tempore
1547 6619 1760 6748 Glauci

152 6876 468 7006 Potniades
492 6879 655 7008 malis
679 6879 945 7008 membra
964 6879 1633 7052 absumserequadtigau

955 7142 1052 7228 2D
