5106 8526
575 808 753 1041 '204
889 857 2169 1040 aruer-{uosrru.11.v.568.

581 1452 584 1457 ⁴
621 1416 968 1593 Tyndarida
991 1414 1270 1588 adspicio:
1308 1416 1452 1542 dant
1476 1414 1918 1546 claraincendia
1940 1418 2134 1546 lucem

2506 486 2507 567 l

2506 596 2507 689 l

622 1175 979 1303 Servantem,
1009 1191 1068 1285 et
1090 1160 1325 1285 tacitam
1349 1161 1559 1285 secreta
1583 1159 1644 1282 in
1667 1162 1797 1287 sede
1821 1161 2103 1290 latentem

2506 1360 2507 1447 l

2506 1840 2507 1919 r

619 1677 867 1819 Erranti,
897 1667 1213 1846 passimque
1236 1672 1437 1798 oculos
1461 1721 1567 1844 per
1589 1710 1801 1803 cuncta
1825 1673 2072 1859 ferenti
2156 1800 2159 1805 ,

623 1934 731 2060 Illa
753 1931 856 2059 fibi
879 1927 1109 2055 infestos
1133 1933 1322 2056 eversa
1344 1928 1427 2055 ob
1451 1934 1732 2100 Pergama
1755 1939 2038 2074 Teucros,

625 2195 702 2317 Et
724 2235 942 2362 poenas
969 2188 1249 2313 Danadm
1275 2220 1333 2313 et
1357 2183 1559 2312 deserti
1583 2190 1843 2362 conjugis
1867 2191 1977 2316 iras
2010 2236 2014 2249 ·

626 2453 1059 2587 Praemetuens‚
1089 2447 1306 2618 Trojae
1331 2444 1631 2614 etpatriae
1655 2448 1985 2572 communis
2008 2445 2270 2614 ErinnyS,

626 2700 964 2831 Abdiderat
983 2704 1110 2844 sese,
1140 2732 1316 2868 atque
1340 2700 1445 2824 aris
1469 2700 1640 2827 invisa
1662 2700 1912 2875 sedebat

627 2962 897 3085 Exarsere
920 2960 1080 3129 ignes
1104 2957 1331 3083 animo:
1372 2953 1522 3082 subit
1542 2957 1625 3109 ira
1649 2958 1957 3086 cadentem

628 3215 835 3341 Ulcisci
857 3216 1122 3387 patriam,
1150 3246 1210 3341 et
1231 3213 1525 3340 sceleratas
1548 3215 1770 3342 sumere
1792 3261 2030 3387 poenas.

628 3472 857 3599 Scilicet
880 3472 1024 3598 haec
1051 3476 1318 3641 Spartam
1343 3469 1650 3595 incolumis
1673 3472 2001 3643 patriasque
2016 3478 2303 3644 ,Mycenas

628 3728 953 3900 Adspiciet,
982 3759 1267 3899 partoque
1290 3724 1396 3851 ibit
1419 3726 1613 3896 regina
1635 3726 1969 3900 triumpho?

628 3986 1123 4159 Conjugiumque,
1154 3981 1534 4151 domumque,
1563 4016 1771 4154 patres,
1799 4016 2083 4156 natosque
2105 3984 2324 4127 videbit,

628 4241 880 4370 Iliadum
905 4239 1077 4366 turba
1101 4271 1160 4365 et
1185 4239 1450 4410 Phrygiis
1474 4239 1756 4399 comitata
1777 4241 2071 4369 ministris?

629 4496 928 4626 Occiderit
951 4495 1099 4622 ferro
1129 4494 1423 4621 Priamus?
1462 4496 1603 4669 Troj
1610 4544 1642 4623 a
1667 4499 1856 4625 arserit
1878 4498 2027 4669 igni?

627 4754 995 4883 Dardanium
1019 4753 1191 4879 toties
1212 4748 1426 4878 sudarit
1446 4752 1718 4922 sanguine
1739 4753 1926 4927 litus?-

626 5018 771 5140 Non
793 5012 889 5136 ita.
937 5015 1212 5178 Namque
1237 5012 1337 5137 etsr
1359 5007 1587 5134 nullum
1612 5009 1990 5138 memorabile
2013 5057 2236 5142 nomen

623 5270 900 5396 Feminea
922 5267 984 5391 in
1006 5313 1199 5439 poena
1221 5269 1318 5409 est,
1346 5312 1454 5446 nec
1477 5264 1657 5393 habet
1676 5269 1916 5396 victoria
1938 5266 2197 5421 laudem;

622 5522 942 5652 Extinxisse
965 5521 1125 5650 nefas
1149 5556 1364 5667 tamen,
1392 5556 1452 5649 et
1473 5521 1715 5650 sumsrss'e
1739 5529 2012 5654 merentis

413 5796 427 5819 ’
620 5781 940 5909 Laudabor
960 5828 1208 5953 poenas:
1251 5780 1629 5948 animumque
1652 5780 1902 5954 explesse
1914 5782 2145 5956 juvabit

620 6039 853 6165 Ultricis
876 6035 1164 6182 flammae,
1194 6072 1253 6164 et
1277 6039 1493 6163 cineres
1515 6034 1726 6163 satiasse
1750 6056 2036 6215 meorum.

621 6294 789 6421 Talia
803 6293 1114 6468 jactabam,
1142 6325 1201 6421 et
1225 6290 1430 6421 furiata
1453 6327 1650 6424 mente
1673 6292 1895 6422 ferebar
1903 6304 1952 6467 ς]
2019 6252 2025 6261 ⁵

620 6557 833 6721 Qum
857 6551 1000 6678 mihi
1021 6556 1093 6696 se,
1122 6598 1246 6678 non
1267 6585 1403 6679 ante
1425 6551 1608 6679 oculis
1631 6584 1753 6681 tam
1777 6552 1944 6699 clara,
1974 6553 2290 6686 videndam

622 6807 874 6956 Obtulit,
905 6810 963 6939 et
984 6855 1130 6983 pura
1152 6857 1258 6984 per
1279 6842 1516 6941 noctem
1541 6812 1602 6937 in
1625 6808 1756 6943 luce
1777 6808 2000 6999 refulsit
2110 6988 2129 6995 ..
2273 6990 2279 6993 k
