5202 8512
476 890 970 1019 GEORG.
1058 895 1297 1022 LIB.
1371 900 1417 1022 Ι.
1503 943 1738 1073 v.499.
1929 907 2019 1077 69

102 1322 110 1332 .
176 1193 371 1360 Qae
395 1187 659 1319 Tuscum
679 1180 962 1328 Tsberiru,
991 1215 1051 1311 et
1073 1187 1348 1315 Romana
1374 1186 1604 1321 Palatia
1615 1192 1815 1336 erras.
1859 1263 1866 1277 ·

176 1446 373 1573 Hunc
393 1442 592 1570 saltem
615 1446 806 1570 everso
821 1443 1103 1617 juvenem
1123 1444 1444 1573 succurrere
1466 1446 1615 1574 seclo

176 1704 290 1829 Ne
313 1700 642 1874 prohibete.
688 1700 835 1826 Satis
849 1701 974 1875 jam
996 1698 1227 1871 pridem
1247 1703 1528 1871 sanguine
1542 1705 1738 1835 nostro

173 1957 672 2086 Laomedonteae
694 1954 908 2082 luimus
931 1957 1181 2132 perjuria
1204 1958 1436 2132 Trojae.

175 2221 333 2384 Jam
351 2211 582 2388 pridem
605 2212 774 2343 nobis
799 2212 945 2343 coeli
967 2247 1027 2339 te
1048 2216 1221 2389 regia,
1251 2217 1485 2365 Caesar„

173 2470 440 2615 Invidet,
469 2501 645 2640 atque
669 2470 981 2649 hominum
1004 2473 1263 2639 queritur
1285 2519 1482 2601 curare
1505 2474 1852 2648 triumphos.

178 2730 437 2900 Qippe
458 2725 563 2858 ubi
586 2723 670 2859 fas
693 2729 922 2859 versum
940 2761 1123 2897 atque
1139 2726 1333 2859 nefas:
1365 2763 1457 2865 tot
1477 2729 1629 2865 bella
1648 2780 1754 2907 per
1771 2731 2004 2865 orbem:

179 2988 347 3111 Tam
370 2980 588 3109 multae
609 2982 885 3110 scelerum
909 2979 1107 3112 fac-ies:
1139 3032 1262 3112 non
1284 2986 1436 3115 ullus
1460 3023 1650 3116 aratro

181 3242 422 3412 Dignus
447 3240 666 3371 honour
705 3240 970 3410 squalent
988 3238 1252 3373 abductis
1277 3290 1413 3371 arva
1433 3243 1674 3391 colonis,

176 3502 265 3626 Et
288 3546 498 3626 curvae
516 3496 772 3668 rigidum.
791 3494 964 3629 falces
987 3498 1319 3645 conflantur
1339 3502 1402 3631 'ru
1425 3505 1645 3635 ensem.

179 3756 346 3891 Hinc
368 3789 566 3882 movet
589 3756 936 3926 Euphrates,
961 3756 1121 3887 illine
1141 3758 1467 3891 Germania.
1478 3758 1726 3893 bellum:

179 4012 427 4139 Vicinae
450 4013 633 4185 ruptis
655 4013 807 4143 inter
826 4013 1130 4185 selegibus.
1149 4014 1321 4146 urbes

184 4275 380 4395 Arma
401 4264 625 4397 ferunt:
650 4270 836 4399 faerit
858 4303 988 4399 totu
1012 4274 1181 4401 Mars
1195 4273 1390 4445 inpius
1414 4273 1579 4403 orbe.
1842 4398 1844 4402 ,

181 4528 290 4667 Ut,
318 4570 504 4694 quum
527 4523 845 4657 carceribus
867 4527 982 4655 stfc
1006 4525 1261 4659 effudere
1286 4527 1618 4700 quadrigae.

181 4777 449 4908 Addunt
471 4783 532 4907 in
553 4784 747 4954 spatia,
775 4815 838 4911 et
857 4780 1059 4915 frudun
1080 4785 1398 4919 retinacula
1421 4785 1673 4918 tendens

182 5042 391 5165 Fertur
413 5039 578 5208 equis.
597 5040 813 5210 auriga,
837 5083 1037 5209 neque
1053 5042 1222 5176 audit
1239 5089 1440 5174 currus
1467 5044 1741 5177 habenas,
1928 5144 1933 5165 .

900 5600 1085 5693 ys
