5202 8512
418 892 1704 1029 GEORG.1,IB.11.v.1·08.
1889 924 1975 1062 75

158 1182 359 1334 Noffe,
388 1217 535 1357 quot
558 1185 709 1311 Ionii
730 1183 965 1312 veniant
985 1179 1065 1309 ad
1084 1179 1252 1307 litora
1272 1180 1502 1311 fluctus.

248 1453 379 1575 Nec
401 1490 542 1573 vero
567 1474 754 1570 terrae
777 1438 923 1567 ferre
945 1484 1150 1567 omnes
1173 1442 1373 1568 omnia
1395 1437 1646 1613 poffunt.

158 1700 528 1835 Fluminibus
549 1696 762 1843 salices·
787 1691 1087 1866 craffisque
1109 1694 1422 1869 paludibus
1444 1697 1563 1825 alni

163 1963 523 2091 Nascuntur:
563 1954 774 2083 steriles
796 1955 1013 2081 saxosis.
1026 1952 1326 2084 mantibus
1350 1956 1508 2083 orni:

164 2218 367 2346 Litora
389 2212 654 2386 myrtetis
674 2205 995 2339 lactiflima:
1041 2208 1297 2381 denique
1320 2246 1562 2386 apertos.

166 2473 432 2603 Bacchus
456 2501 614 2597 amat
636 2468 813 2612 collis,
841 2467 1185 2639 aquilonem·
1201 2502 1262 2594 et
1279 2466 1500 2640 ‘frigora'
1515 2471 1656 2597 taxi.

169 2729 514 2903 Adspicect
527 2727 806 2857 extremis
819 2723 1123 2853 domitum
1147 2726 1470 2856 cultoribus
1490 2726 1730 2871 orbem.-

169 2991 442 3155 ansque
453 2982 676 3111 domos
684 2980 988 3127 arabum,
1017 2983 1333 3155 pictosque·
1349 2980 1651 3113 Gelonos.

171 3243 402 3374 Divisae
427 3239 991 3412 arboribus'patriae:
1035 3238 1171 3366 Sola
1194 3240 1363 3367 India
1385 3242 1644 3411 nigmm‘
1677 3300 1684 3307 ·

171 3506 310 3630 Fert
332 3496 614 3626 ebenum:
646 3498 775 3625 solis
799 3499 880 3624 est
901 3528 1066 3623 turea
1085 3496 1245 3668 virga
1271 3496 1519 3626 Sabaeis.
1640 3556 1648 3571 ·

174 3754 345 3927 Q1id
369 3753 475 3884 tibi
496 3709 743 3882 odoratb
768 3752 1012 3881 referam
1029 3752 1472 3928 sudantialigno
1499 3816 1502 3823 ·

175 4010 566 4181 Balsamaque,
596 4046 656 4139 et
676 4011 882 4140 baccas
904 4014 1136 4206 semper.
1148 4010 1474 4141 frondentis
1499 4010 1764 4143 acanthi?
1949 4156 1951 4162 Α

178 4265 350 4440 Qid
370 4267 1008 4440 nemoraAethinpum
1030 4266 1193 4395 molli
1215 4273 1481 4398 canentia
1501 4269 1667 4398 lana?

177 4523 528 4694 Velleraque
550 4553 620 4649 ut
641 4521 790 4653 foliis
814 4522 1130 4696 depectant
1149 4526 1351 4653 tenuia
1373 4529 1571 4654 Seres?
1673 4588 1683 4599 ··

169 4786 316 4915 ,Aut
339 4828 487 4952 quos
513 4785 764 4907 Oceano·
779 4782 1025 4954 propior·
1037 4785 1190 4953 gerit
1209 4780 1381 4911 India
1402 4782 1583 4930 lucos,

184 5038 448 5165 Extremi
468 5039 620 5164 srnus
644 5034 831 5165 orbis?
858 5035 1119 5163 ubia'e'ra
1140 5037 1370 5168 vincere
1392 5042 1685 5170 summum

183 5292 433 5425 Arboris
456 5289 619 5420 haud
638 5293 791 5421 ullae
806 5293 973 5468 jactu
991 5325 1239 5466 potuere
1260 5296 1510 5467 sagittae.

187 5556 266 5678 Et
287 5596 427 5722 gens
450 5547 546 5679 ida
568 5549 808 5719 quidem
829 5551 1029 5705 sumtis
1042 5597 1175 5677 non
1195 5551 1361 5681 tarda
1383 5554 1684 5727 pharetris.

186 5805 393 5936 Media
415 5804 527 5933 fert
547 5808 727 5937 tristes
749 5810 930 5955 sucos,
953 5806 1309 5978 tardumque
1328 5815 1607 5986 saporem
1647 5856 1653 5865 ’

187 6063 391 6193 Felicis
415 6063 575 6216 mali;
609 6076 729 6234 qud
753 6067 1248 6238 nonpraesentius
1271 6068 1492 6217 ullum.

193 6320 414 6449 Pocula
435 6323 478 6447 s1
502 6321 748 6492 quando·
762 6325 968 6451 saevae.
981 6322 1568 6474 infecerenovercae‘

193 6578 670 6750 Miscueruntque
692 6580 901 6710 herbas
926 6615 986 6709 et
1007 6629 1131 6708 non
1152 6583 1393 6712 innoxia
1407 6584 1610 6731 verba,

196 6834 508 6967 Auxilium
529 6841 707 6987 venit,
737 6883 804 6967 ac
828 6839 1103 6972 membris
1126 6843 1244 7017 agit
1267 6877 1388 6973 atra
1409 6890 1670 6975 venena·
