5202 8512
700 849 789 985 80
966 844 1458 970 G'EORG.
1548 842 1786 966 LIB.
1861 842 1937 967 ll.
2024 887 2262 1017 v.223.

701 1141 780 1263 Et
800 1130 1027 1260 facilem
1051 1132 1264 1306 pecori,
1294 1161 1353 1257 et
1374 1129 1696 1302 patientem
1718 1132 1970 1256 vomeris
1992 1133 2147 1261 unci.
2281 1294 2289 1301 g

700 1392 913 1520 Talem
937 1390 1097 1519 dives
1121 1422 1246 1517 arat
1270 1393 1497 1561 Capua,
1525 1422 1585 1517 et
1609 1389 1798 1516 vicina
1819 1390 2046 1516 Vesevo

701 1660 824 1780 Ora
840 1651 1004 1825 jugo,
1033 1680 1094 1775 et
1113 1638 1310 1775 vacuis
1335 1646 1575 1773 Clanius
1598 1690 1723 1772 non
1746 1586 1968 1816 aequus
1989 1647 2265 1776 Acerris.-

771 1911 986 2050 Nunc,
1016 1950 1135 2073 quo
1160 1950 1458 2073 quamque
1481 1902 1663 2031 modo
1686 1899 1857 2076 pollis
1882 1908 2242 2075 cognoscere,
2270 1907 2426 2043 dican.

701 2171 858 2292 Rara
879 2166 966 2307 srt,
994 2209 1071 2288 an
1091 2164 1262 2333 supra
1285 2208 1511 2288 morem
1537 2163 1580 2287 fi
1604 2162 1794 2307 densa,
1821 2164 2103 2333 requiras:

676 2508 680 2513 -
703 2420 913 2553 Altera
937 2418 1242 2547 fulmentis
1268 2421 1547 2590 quoniam
1571 2417 1744 2566 favet,
1774 2418 1951 2547 altera
1975 2421 2241 2548 Baccho:
2482 2402 2483 2421 Ν

704 2681 900 2809 Densa
923 2677 1104 2848 magis
1130 2679 1345 2823 Cereri,
1370 2671 1642 2803 rarillima
1663 2724 1931 2847 quaeque
1954 2684 2194 2851 Lyaeo:

700 2944 870 3063 Ante
892 2934 1089 3061 locum
1113 2936 1304 3108 capies
1328 2932 1529 3078 oculis,
1558 2933 1790 3105 alteque
1804 2933 2040 3109 jubebis

700 3197 773 3317 In
793 3191 978 3320 solido
1000 3227 1252 3365 puteum
1275 3190 1523 3336 demitti,
1546 3237 1906 3363 omnemque
1927 3232 2179 3367 repones

535 3538 541 3551 -
697 3453 917 3578 Rursus
941 3452 1209 3595 humum,
1239 3483 1298 3577 ct
1320 3448 1571 3622 pedibus
1592 3452 1844 3578 summas
1868 3450 2146 3621 aequabis
2172 3498 2359 3613 arenas.

700 3708 762 3834 Si
784 3706 1049 3853 dcerunt,
1077 3754 1291 3851 rarum,
1318 3709 1634 3891 pecorique
1657 3740 1718 3835 et
1737 3707 1951 3837 vitibus
1975 3708 2142 3838 almis

698 3968 922 4139 Aptius
945 3963 1092 4093 uber
1113 3966 1223 4095 erit
1231 4039 1246 4117 ;
1278 3968 1364 4091 srn
1386 3965 1449 4091 in
1470 3969 1569 4091 sua
1590 3964 1751 4137 posse
1774 3965 2078 4138 negabunt
2301 4008 2304 4016 ·

697 4228 788 4350 Ire
809 4224 956 4369 loca,
986 4258 1046 4351 et
1066 4221 1361 4352 scrobibus
1384 4220 1675 4396 superabit
1696 4257 1844 4351 terra
1868 4223 2118 4397 repletis,

698 4480 913 4654 Spillus
937 4528 1097 4652 ager:
1137 4480 1337 4652 glebas
1359 4483 1686 4610 cunctantis
1710 4479 2001 4652 crassaque
2023 4516 2189 4656 terga

697 4741 999 4912 Exspecta,
1029 4770 1088 4866 et
1109 4734 1311 4866 validis
1334 4745 1545 4865 terram
1567 4738 1872 4912 proscinde
1890 4741 2177 4916 juvencis.

697 4999 848 5125 Salsa
870 5030 1068 5124 autem
1092 4995 1278 5140 tellus,
1307 5030 1369 5125 et
1391 5043 1541 5168 quae
1561 4997 1905 5171 perhibetur
1926 5042 2142 5145 amara,

552 5400 555 5405 ,
693 5253 978 5427 Frugibus
1000 5252 1201 5381 infelix
1234 5262 1322 5419 (ea
1344 5300 1454 5381 nec
1476 5256 1813 5383 mansuescit
1834 5255 2077 5402 arand0,
2112 5318 2116 5323 ·

693 5476 756 5636 N
758 5561 825 5639 ec
847 5512 1081 5641 Baccho
1103 5556 1306 5687 genus,
1334 5547 1436 5640 aut
1457 5512 1650 5687 pomis
1672 5508 1770 5639 lira
1792 5510 2035 5643 nomina
2055 5515 2261 5679 servat)

691 5770 843 5898 Tale
864 5769 1029 5898 dabit
1049 5771 1356 5943 specimen.
1400 5772 1501 5901 Tu
1524 5767 1692 5945 spillo
1711 5772 1929 5899 vimine
1952 5772 2174 5943 qualos,

692 6028 961 6198 Colaque
982 6026 1313 6201 praelomm
1337 6026 1573 6159 sumofis
1597 6029 1798 6201 deripe
1820 6031 2006 6157 tectis

689 6291 829 6413 Huc
853 6332 988 6458 ager
1008 6286 1104 6414 ille
1127 6287 1332 6431 malus,
1361 6280 1679 6458 dulcesque
1701 6334 1735 6412 a
1757 6282 2021 6421 sontibus
2042 6285 2237 6414 undae

686 6544 797 6674 Ad
817 6543 1063 6716 plenum
1087 6544 1407 6673 calcentur:
1448 6586 1601 6715 aqua
1624 6543 1973 6672 eluctabitur
1993 6544 2186 6672 omnis

687 6799 932 6948 Scilicet,
961 6833 1021 6928 et
1042 6801 1294 6973 grandes
1305 6802 1483 6931 ‘ibunt
1503 6849 1612 6976 per
1632 6800 1850 6928 vimina
1870 6835 2097 6974 guttae;
