5106 8526
608 803 737 1005 250
882 846 2151 1035 nnnnrnostrss.11.v.476.

603 1169 742 1289 Una
762 1140 976 1331 ingens
991 1156 1285 1331 Periphas,
1315 1191 1374 1283 et
1397 1203 1683 1325 equorum
1707 1156 1952 1327 agitator
1976 1160 2226 1291 Achillis

607 1419 886 1590 Armiger
909 1414 1325 1568 Automedon3
1358 1462 1478 1540 una
1501 1415 1691 1540 omnis
1718 1416 1916 1586 Scyria
1938 1416 2129 1588 pubes

611 1673 949 1803 Succedunt
971 1707 1146 1816 tect0,
1176 1705 1235 1798 et
1257 1671 1521 1797 flammas
1546 1670 1622 1798 ad
1646 1670 1902 1799 culmina
1917 1675 2159 1847 jactant.

611 1937 739 2106 Ipse
762 1936 910 2058 inter
932 1931 1151 2102 primos
1176 1963 1454 2100 conrepta
1478 1927 1622 2056 dura
1645 1928 1891 2100 bipenni

611 2191 845 2318 Limina
867 2188 1212 2359 perrumpit,
1241 2190 1549 2361 postesque
1573 2235 1606 2312 a
1632 2186 1866 2314 cardine
1888 2186 2049 2315 vellit

613 2459 897 2577 Aeratos:
933 2446 1175 2619 jamque
1200 2444 1382 2571 excisa
1406 2441 1568 2571 trabe
1590 2443 1757 2568 firma
1781 2446 2005 2573 cavavit

615 2704 876 2845 Robora,
906 2735 966 2826 et
988 2703 1285 2870 ingentem
1308 2700 1427 2827 lato
1454 2697 1617 2826 dedit
1639 2746 1739 2827 ore
1762 2698 2085 2831 fenestram.

616 2958 892 3133 Adparet
915 2954 1128 3083 domus
1151 2957 1324 3103 intus,
1353 2990 1413 3087 et
1437 2958 1577 3084 atria
1599 2957 1774 3127 longa
1796 2961 2124 3130 patescunt:

618 3216 932 3389 Adparent
957 3214 1169 3340 Priami
1193 3251 1252 3343 et
1274 3250 1538 3343 veterum
1561 3214 1877 3385 penetralia
1900 3264 2133 3388 regum:

618 3482 1018 3640 Armatosque
1041 3469 1244 3598 vident
1265 3474 1460 3600 stantis
1483 3472 1544 3596 in
1568 3471 1766 3598 limine
1796 3473 2006 3644 primo

707 3740 800 3857 At
823 3730 1034 3856 domus
1057 3728 1294 3854 interior
1316 3730 1536 3899 gemitu
1563 3728 1884 3897 miseroque
1907 3732 2168 3860 tumultu

436 4059 443 4075 ·
620 3991 919 4135 Miscetur3
951 3983 1300 4157 penitusque
1326 4004 1499 4113 cavae
1523 3986 1901 4158 plangoribus
1924 3942 2097 4116 aedes

620 4246 906 4371 Femineis
930 4242 1173 4368 ululant.
1221 4245 1377 4370 Ferit
1400 4291 1572 4372 aurea
1594 4240 1775 4369 fidera
1798 4243 2033 4373 clamor.

622 4509 786 4628 Tum
808 4499 1054 4674 pavidae
1079 4498 1243 4625 tectis
1267 4533 1479 4627 matres
1502 4499 1834 4670 ingentibus
1857 4539 2064 4651 errant,

623 4755 1083 4930 Amplexaeque
1106 4787 1309 4882 tenent
1330 4757 1538 4928 postes,
1567 4790 1743 4926 atque
1767 4759 1956 4887 oscula
1976 4762 2181 4932 figunt.

622 5018 805 5140 Instat
826 5014 884 5138 vi
905 5010 1091 5183 patria
1116 5011 1401 5183 Pyrrhus:
1444 5061 1552 5141 nec
1576 5015 1832 5160 claustra,
1860 5065 2054 5188 neque
2075 5022 2181 5194 ipsr

626 5262 913 5429 Custodes
935 5262 1173 5394 sufferre
1186 5269 1399 5396 valent.
1444 5271 1638 5398 Labat
1661 5274 1836 5400 ariete
1859 5273 2065 5403 crebro

624 5536 836 5696 Janua,
866 5560 926 5652 et
948 5527 1131 5651 emoti
1153 5526 1554 5697 procumbunt
1578 5527 1809 5657 cardine
1832 5535 2040 5702 postes.

625 5785 722 5911 Fit
743 5787 838 5913 via
858 5784 947 5911 vi:
971 5776 1273 5954 'rumpunt
1296 5784 1503 5928 aditus,
1531 5787 1868 5959 primosque
1890 5788 2184 5920 trucidant

628 6037 844 6168 Inmiffi
869 6042 1081 6183 Danai,
1110 6073 1169 6165 et
1191 6039 1306 6169 late
1328 6041 1456 6169 loca
1478 6042 1659 6170 milite
1684 6045 1979 6216 conplent.

628 6306 774 6425 Non
794 6301 887 6441 fic,
917 6296 1219 6468 aggeribus
1242 6299 1426 6471 ruptis
1448 6346 1636 6468 quum
1657 6302 1926 6474 spumeus
1950 6305 2140 6431 amnis
2222 6253 2224 6256 Ι
2310 6255 2317 6270 ,

627 6556 802 6697 Exiit,
831 6553 1238 6726 obpofitasque
1262 6555 1433 6682 evicit
1454 6557 1678 6727 gurgite
1701 6560 1902 6704 moles,

625 6816 831 6940 Fertur
853 6812 915 6939 in
940 6804 1073 6940 arva
1096 6810 1292 6942 furens
1316 6812 1573 6958 cumulo,
1605 6863 1962 6992 camposque
1984 6866 2091 6991 per
2113 6825 2306 6950 omnis
