5106 8526
402 842 409 855 ’
469 929 1057 1055 Aruernos
1117 930 1308 1054 ern.
1360 928 1441 1051 n.
1500 926 1735 1097 Μὴ.
1884 960 2012 1096 209

201 1216 468 1346 Fundere
492 1215 694 1344 lumen
715 1261 889 1389 apex,
918 1249 1220 1386 tractuque
1244 1215 1484 1344 innoxia
1507 1206 1672 1343 molli

201 1473 491 1602 Lambere
512 1472 751 1600 flamma
775 1519 987 1615 comas,
1017 1507 1076 1599 et
1100 1475 1317 1599 circum
1340 1506 1605 1645 tempora
1628 1474 1796 1644 pasci.

200 1736 329 1858 Nos
352 1729 550 1903 pavidi
574 1727 859 1901 trepidare
883 1765 1062 1874 metu,
1091 1731 1425 1898 crinemque
1447 1722 1808 1900 flagrantem*

203 1993 510 2130 Excutere,
540 2019 599 2111 et
617 1988 838 2114 sanctos
860 1987 1205 2157 restinguere
1230 1985 1487 2113 fontibus
1512 1989 1688 2156 ignes.
1805 1970 1810 1979 ⁴

202 2254 295 2369 At
315 2276 482 2417 pater
504 2242 788 2368 Anchises
812 2241 1013 2368 oculos
1038 2243 1114 2369 ad
1135 2242 1315 2370 fidera
1336 2240 1519 2370 laetus

204 2499 460 2626 Extulit:
504 2532 562 2624 et
586 2498 749 2625 coelo
773 2498 994 2671 palmas
1019 2546 1152 2625 cum
1178 2546 1322 2628 voce
1346 2497 1620 2626 tetendit:

203 2756 482 2927 Juppiter
504 2757 895 2927 omnipotem,
922 2755 1191 2928 precibus
1213 2759 1256 2882 fi
1276 2754 1521 2883 flecteris
1544 2746 1691 2901 ullit,

206 3010 468 3184 Adspice
492 3057 624 3162 nos;
655 3009 771 3137 hoc
794 3044 1052 3139 tantum:
1095 3046 1170 3155 et,
1197 2998 1809 3185 fipietatemeremur,

208 3273 309 3396 Da
335 3266 546 3394 deinde
569 3268 869 3411 auxilium,
898 3304 1063 3440 pater
1071 3342 1086 3419 3
1125 3304 1300 3436 atque
1323 3271 1468 3396 haec
1491 3268 1688 3397 omina
1709 3268 1892 3394 firma.

295 3525 416 3648 Vix
440 3571 507 3649 ea
530 3519 680 3649 fatus
706 3557 825 3650 erat
847 3525 1055 3649 senior:
1098 3522 1405 3694 subitoque
1429 3524 1653 3697 fragore

207 3780 477 3908 Intonuit
497 3779 744 3924 laevom,
773 3779 930 3908 etde
954 3779 1119 3906 coelo
1143 3780 1294 3909 labsa
1317 3828 1422 3952 per
1443 3781 1680 3908 umbras

209 4037 391 4164 Stella
413 4032 602 4164 facem
626 4037 845 4163 ducens
869 4036 1054 4161 multa
1078 4086 1214 4165 cum
1237 4038 1369 4163 luce
1395 4037 1661 4164 cucurrit.

209 4292 400 4437 Illam,
428 4294 652 4418 summa
672 4296 841 4464 super
861 4290 1157 4422 labentem
1182 4294 1435 4420 culmina
1458 4294 1615 4440 tecti,

214 4552 528 4679 Cernimus
553 4549 727 4675 Idaea
751 4546 962 4674 claram
985 4551 1040 4675 se
1064 4546 1316 4677 condere
1339 4547 1493 4692 silva,
1695 4648 1701 4659 .

214 4811 675 4977 Signantemque
693 4807 840 4931 vias:
884 4837 1012 4931 tum
1034 4806 1211 4978 longo
1234 4805 1418 4931 limite
1441 4804 1628 4932 sulcus

217 5070 345 5193 Dat
367 5063 577 5206 lucem,
606 5093 665 5187 et
686 5059 801 5187 late
825 5062 1040 5188 circum
1063 5061 1192 5189 loca
1215 5057 1426 5187 sulfure
1451 5056 1697 5187 fumant.

218 5325 340 5449 Hic
363 5365 502 5447 vero
526 5320 713 5446 victus
736 5319 962 5487 genitor
982 5321 1037 5444 se
1060 5317 1212 5444 tollit
1235 5315 1312 5444 ad
1335 5363 1517 5460 auras,

222 5575 607 5745 Adfaturque
633 5573 791 5719 deos,
821 5609 879 5703 et
900 5578 1161 5701 sanctum
1183 5572 1336 5702 fidus
1360 5572 1583 5701 adorat.

222 5834 505 6009 Jamjam
526 5832 685 5959 nulla
708 5879 874 5959 mora
897 5835 993 5957 est.
1053 5839 1294 6001 Sequor,
1324 5864 1398 5974 et,
1428 5876 1544 5999 qua
1569 5826 1793 5979 ducitiS,
1822 5833 2041 6009 adsum.

224 6093 312 6222 Di
333 6091 518 6262 patrii,
546 6093 761 6217 servate
786 6088 1050 6232 domum,
1078 6086 1292 6216 servate
1314 6123 1623 6260 nepotem:
1738 6080 1744 6087 ⁵
1780 6074 1784 6081 ⁴

219 6349 499 6475 Vestrum
520 6344 637 6473 hoc
660 6349 982 6518 augurium,
1010 6348 1313 6513 vestroque
1337 6347 1399 6470 in
1421 6336 1662 6471 numine
1683 6346 1862 6522 Troja
1887 6351 1982 6481 est.

227 6605 400 6732 Cedo
426 6603 717 6773 equidem,
745 6650 872 6749 nec,
901 6635 1054 6748 nate,
1081 6602 1191 6732 tibi
1213 6649 1409 6731 comes
1432 6604 1512 6779 ire
1535 6607 1750 6735 recuso,
1943 6592 1950 6601 ’
2078 6709 2082 6717 .

232 6861 479 6989 Dixerat
501 6859 625 6987 ille:
668 6863 867 7034 etjam
891 6836 996 7034 per
1018 6862 1254 6987 moenia
1280 6858 1485 6989 clarior
1504 6860 1649 7035 ignis
1792 6894 1798 6905 '
1950 6892 1954 6899 ’

1080 7118 1180 7248 30
