5106 8526
456 887 1736 1058 nnnuroosnru.11.v.407.
1844 818 2008 1062 '1⁴97

195 1183 337 1305 Non
360 1176 493 1304 tulit
515 1177 668 1305 hanc
690 1178 937 1349 speciem
961 1175 1169 1305 furiata
1192 1209 1390 1302 mente
1418 1177 1743 1321 Coroebus,

190 1441 268 1562 Et
289 1438 397 1562 sese
421 1436 685 1562 medium
711 1434 907 1607 injecit
929 1436 1218 1606 periturus
1241 1435 1303 1558 in
1326 1480 1553 1603 agmen.

191 1693 619 1861 Consequimur
640 1692 853 1833 cuncti,
884 1726 944 1816 et
968 1691 1151 1818 denfis
1174 1692 1519 1818 incurrimus
1543 1692 1731 1820 armis.

187 1956 307 2076 ch
331 1950 587 2122 primum
613 1948 829 2074 exalto
855 1946 1081 2074 delubri
1105 1946 1359 2074 culmine
1383 1948 1507 2074 telis

188 2209 534 2332 Nostrorum
557 2205 876 2347 obruimur,
907 2205 1204 2373 oriturque
1228 2202 1536 2331 miserrima
1560 2203 1785 2351 caedes,

187 2470 514 2589 Armorum
538 2458 682 2586 facie
706 2493 766 2585 et
790 2461 1100 2634 Grajarum
1124 2507 1313 2588 errore
1328 2461 1625 2635 jubarum.

186 2726 351 2844 Tum
378 2721 571 2845 Danai
593 2719 815 2887 gemitu
840 2752 1015 2885 atque
1039 2753 1272 2890 ereptae
1295 2720 1527 2888 virginis
1550 2720 1635 2844 ira
1795 2734 1797 2741 ”

186 2975 467 3144 Undique
491 2975 738 3102 conlecti
760 2972 1047 3100 invadunt
1058 3045 1073 3125 3
1115 2975 1421 3102 acerrimus
1447 2976 1631 3150 Ajax,

184 3239 265 3357 Et
286 3234 502 3403 gemini
527 3231 793 3375 Atridae,
825 3229 1251 3402 Dolopumque
1277 3233 1564 3359 exercitus
1594 3233 1801 3359 omnis.

184 3486 438 3614 Adverfi
460 3521 635 3659 rupto
662 3534 772 3613 ceu
796 3485 1099 3656 quondam
1123 3488 1356 3614 turbine
1379 3491 1542 3615 venti

185 3743 550 3915 Confligunt‚
581 3743 1016 3916 Zephyrusque,
1046 3747 1377 3914 Notusque,
1404 3779 1464 3872 et
1486 3744 1670 3873 laetus
1695 3750 1832 3874 Eois

183 4011 378 4129 Eurus
402 4002 590 4170 equis:
631 3998 879 4127 stridunt
900 4000 1086 4142 silvae,
1112 4002 1402 4169 saevitque
1425 4000 1662 4130 tridenti

187 4269 499 4433 Spumeus,
530 4291 705 4426 atque
727 4259 849 4382 imo
872 4263 1099 4382 Nereus
1125 4257 1240 4383 ciet
1263 4304 1515 4426 aequora
1539 4255 1743 4385 fundo

187 4517 277 4642 Illi
299 4515 492 4659 etiam,
520 4517 562 4638 fi
586 4560 733 4683 quos
756 4513 996 4640 obscura
1018 4544 1193 4638 nocte
1216 4560 1323 4684 per
1345 4515 1619 4641 umbram

184 4774 470 4901 Fudimus
493 4771 721 4915 insidiis,
751 4802 993 4939 totaque
1015 4769 1356 4940 agitavimus
1379 4769 1543 4916 urbe,

187 5027 530 5200 Adparent:
572 5025 747 5199 primi
771 5025 986 5197 clipeos
1009 5027 1369 5191 mentitaque
1393 5023 1506 5152 tela

188 5283 597 5455 Adgnoscunt,
627 5314 802 5451 atque
826 5328 927 5405 ora
949 5283 1090 5406 sono
1115 5278 1395 5407 discordia
1415 5284 1656 5453 fignant.

189 5541 354 5667 Ilicet
376 5540 681 5667 obruimur
703 5583 968 5664 numero.
1021 5539 1368 5706 Primusque
1395 5536 1703 5667 Coroebus

190 5797 426 5925 Penelei
451 5798 674 5938 dextra,
705 5796 893 5922 Divae
917 5795 1318 5966 armipotentis
1342 5794 1420 5922 ad
1442 5842 1617 5942 aram,

191 6052 558 6181 Procumbit:
602 6051 758 6179 cadit
781 6086 840 6180 et
864 6051 1151 6223 Ripheus,
1171 6046 1499 6227 justiffimus
1522 6099 1674 6178 unus

189 6311 316 6479 Qu
340 6306 450 6436 luit
472 6312 533 6434 in
555 6309 819 6452 Teucris,
849 6342 908 6434 et
929 6304 1363 6436 servantiffimus
1388 6310 1575 6480 aequi.
1685 6426 1687 6430 ,

128 6496 135 6511 ⁹
192 6567 302 6694 Dis
327 6565 488 6694 aliter
508 6567 707 6694 visum.
752 6572 1007 6692 Pereunt
1029 6567 1416 6738 Hypanisque
1442 6570 1788 6739 Dymasque

195 6822 433 6950 Confixi
458 6872 491 6950 a
512 6824 698 6952 sociis:
741 6870 851 6951 nec
874 6856 933 6953 te
956 6855 1057 6950 tua
1068 6823 1350 6996 plurima,
1381 6823 1635 6970 Panthu,

1043 7108 1065 7209 3
1100 7081 1139 7165 D
