5106 8526
442 866 1032 1047 AENEIDOS
1092 864 1740 1033 LIB.111.v.4o7'.
1875 909 2003 1039 233

180 1156 419 1291 Hostilis
444 1157 619 1286 facies
641 1190 905 1284 occurrat
912 1226 928 1308 ;
960 1188 1019 1282 et
1041 1155 1480 1291 ominaturbet.

181 1424 363 1549 Hunc
387 1417 521 1543 socii
544 1461 769 1542 morem
789 1417 1097 1558 sacrorum,
1127 1416 1287 1541 hunc
1310 1415 1427 1586 ipse
1451 1432 1679 1555 teneto:¹

179 1681 311 1802 Hac
336 1620 473 1802 casti
496 1704 771 1799 maneant
791 1673 854 1797 in
875 1669 1150 1843 religione
1172 1705 1434 1846 nepotes.

177 1935 309 2077 Ast,
338 1931 444 2057 ubi
468 1926 776 2102 digressum
802 1929 1026 2056 Siculae
1051 1963 1110 2055 te
1133 1927 1455 2057 admoverit
1476 1975 1610 2058 orae

173 2193 421 2335 Ventus,
451 2224 510 2315 et
532 2188 755 2358 angusti
777 2189 1059 2313 rarescent
1083 2184 1320 2313 claustra
1345 2188 1555 2333 Pelori,

170 2453 370 2577 Laeva
387 2445 496 2574 tibi
518 2443 704 2590 tellus,
734 2475 793 2569 et
815 2443 1183 2616 longo'laeva
1205 2477 1481 2617 petantur

171 2714 460 2874 Aequora
482 2703 753 2830 circuitu:
797 2700 1072 2828 dextrum
1094 2697 1233 2872 fuge
1255 2702 1409 2848 litus,
1439 2735 1499 2830 et
1524 2701 1729 2833 undas.

145 2968 338 3155 ‘Haec
360 2961 491 3088 loca
512 2961 570 3086 vi
593 2956 915 3131 quondam,
944 2993 1004 3089 et
1025 2960 1180 3087 vasta
1202 2959 1470 3087 convolsa
1492 2960 1660 3086 ruina

169 3225 457 3388 (Tantum
481 3218 607 3345 aevi
629 3214 949 3387 longinqua
972 3217 1126 3345 valet
1148 3251 1376 3347 mutare
1398 3218 1671 3380 vetustas)
1790 3237 1797 3245 ’

166 3471 474 3609 Dissiluisle
497 3470 706 3615 ferunt,
738 3519 925 3641 quum
948 3507 1231 3645 protenus
1252 3510 1498 3645 utraque
1522 3472 1692 3601 tellus

162 3738 304 3862 Una
326 3731 501 3860 foret:
541 3731 702 3858 venit
724 3727 923 3857 medio
944 3730 1003 3857 vi
1025 3768 1262 3902 pontuS,
1291 3765 1349 3857 et
1372 3728 1545 3859 undis

160 3991 512 4164 Hesperium
537 3952 732 4115 Siculo
754 3985 904 4116 latus
928 3984 1185 4133 abscidit,
1215 4034 1465 4159 arvaque
1489 4022 1547 4117 et
1570 3983 1731 4117 urbis
1824 4116 1829 4125 .

163 4251 367 4377 Litore
389 4244 657 4433 diductas
680 4244 921 4416 angusto
945 4242 1200 4419 interluit
1224 4247 1396 4373 aestu.

164 4513 462 4638 Dextrum
489 4500 681 4674 Scylla
704 4501 873 4646 latus,
900 4460 1134 4630 laevum
1157 4500 1450 4674 inplacata
1476 4499 1811 4673 Charybdis

163 4760 429 4906 Obfidet,
457 4793 633 4929 atque
657 4758 780 4886 imo
803 4756 1061 4888 barathri
1084 4794 1172 4887 ter
1193 4758 1420 4931 gurgite
1440 4760 1631 4885 vastos

165 5020 377 5148 Sorbet
398 5021 460 5144 in
483 4960 803 5188 abruptum
826 5012 1058 5159 fluctus,
1085 5018 1392 5183 rursusque
1414 5013 1519 5144 sub
1539 5032 1709 5145 'auras
1865 4960 1869 4967 .

161 5279 345 5451 Erigit
367 5276 634 5416 alternos,
664 5304 724 5399 et
743 5272 924 5399 fidera
946 5269 1211 5400 verberat
1232 5268 1412 5401 unda.

162 5544 257 5664 At
282 5532 536 5707 Scyllam
561 5531 743 5658 caecis
768 5528 1006 5656 cohibet
1027 5527 1298 5701 spelunca
1320 5527 1603 5676 latebris,

164 5800 289 5921 Ora
311 5793 710 5932 exsertantem,
738 5821 798 5917 et
820 5788 979 5913 navis
1001 5786 1064 5913 in
1086 5790 1216 5913 saxa
1237 5784 1584 5915 trahentem.

163 6048 360 6174 Prima
383 6047 639 6176 hominis
663 6043 853 6191 facies,
883 6079 942 6172 et
964 6042 1212 6229 pulchro
1235 6078 1476 6217 pectore
1496 6046 1659 6218 virgo

163 6303 332 6432 Pube
356 6338 552 6431 tenus:
593 6304 884 6474 postrema
907 6303 1132 6429 inmani
1153 6347 1397 6474 corpore
1417 6302 1636 6474 pistrix,

164 6563 534 6735 Delphinum
560 6560 775 6688 caudas
798 6593 966 6687 utero
997 6556 1274 6686 conmissa
1296 6558 1591 6731 luporum.

164 6819 418 6951 Praestat
441 6819 935 6995 Trinacriimetas
957 6816 1193 6993 lustrare
1219 6816 1487 6993 Pachyni

998 7100 1022 7207 3
1054 7075 1097 7161 N
