5074 8524
511 751 514 761 ¹
582 842 706 1006 176
882 837 1470 971 Aruernos
1526 837 1728 969 ura.
1775 832 1821 964 1.
1872 866 2096 1000 v.702.

574 1126 931 1301 Expediuut,
960 1129 1253 1295 tonsisque
1276 1124 1470 1256 serunt
1494 1125 1951 1299 manteliavillis.
2012 1191 2015 1196 ·

576 1386 1020 1555 Qrinquaginta
1041 1385 1197 1518 intus
1220 1379 1498 1515 famulae:
1541 1382 1753 1553 quibus
1778 1382 1983 1513 ordine
2006 1382 2186 1559 longo

578 1644 737 1768 Cura
759 1689 981 1814 penum
1002 1645 1230 1785 struere,
1261 1672 1319 1769 et
1339 1640 1590 1773 flammis
1614 1641 1847 1769 adolere
1873 1673 2133 1814 penates.

581 1902 840 2025 Centum
865 1899 1024 2044 aliae,
1053 1897 1419 2069 totidemque
1439 1946 1606 2071 pares
1630 1932 1817 2027 aetate
1840 1898 2098 2044 ministri,

412 2272 420 2291 ,
580 2154 706 2321 Qri
731 2153 978 2326 dapibus
1002 2158 1221 2287 mensas
1245 2189 1506 2300 onerent,
1535 2186 1595 2282 et
1613 2154 1827 2327 pocula
1848 2187 2093 2327 ponant.

582 2414 858 2563 Necnon
882 2447 941 2538 et
959 2415 1127 2584 Tyrii
1148 2460 1254 2584 per
1274 2413 1474 2603 limina
1497 2413 1646 2541 laeta
1668 2412 2000 2582 frequentes

583 2670 944 2813 Convenere,
974 2668 1112 2799 toris
1125 2665 1257 2844 juffr
1279 2668 1635 2797 discumbere
1658 2671 1845 2842 pictis.

581 2925 873 3049 Mirantur
896 2923 1054 3051 dona
1078 2932 1346 3076 Aeneae;
1379 2927 1661 3055 mirantur
1685 2925 1898 3070 Iulum,
1976 2936 1987 2959 '

581 3178 1031 3352 Flagrantesque
1058 3184 1174 3311 Dei
1195 3183 1408 3327 vultus,
1436 3183 1816 3352 simulataque
1838 3181 2033 3324 verba,

585 3435 941 3607 Pallamque,
973 3473 1031 3567 et
1053 3441 1277 3612 pictum
1301 3485 1509 3567 croceo
1532 3439 1799 3569 velamen
1823 3438 2093 3567 acantho,

584 3693 903 3865 Praecipue
925 3694 1144 3839 infelix,
1173 3696 1555 3868 pesti'devota
1578 3694 1825 3841 futurae,

586 3951 822 4122 Expleri
845 3986 1105 4078 mentem
1127 3954 1349 4121 nequit,
1378 3954 1730 4122 ardescitque
1753 3950 1979 4082 tuendo
2005 4000 2011 4005 ·

582 4205 909 4352 Phoenissa,
936 4244 996 4337 et
1016 4257 1205 4381 puero
1225 4213 1438 4382 pariter
1466 4210 1753 4379 donisque
1776 4220 2066 4338 mouetur.

581 4464 705 4605 Ille,
732 4465 836 4591 ubi
859 4465 1155 4635 conplexu
1179 4472 1423 4594 Aeneae
1446 4467 1716 4636 colloque
1740 4465 2042 4640 pependit,

583 4725 662 4847 Et
685 4767 964 4890 magnum
989 4719 1107 4847 falfi
1128 4722 1372 4894 inplevit
1394 4726 1669 4894 genitoris
1688 4740 1974 4875 amorem;

581 4979 874 5147 Reginam
898 4979 1061 5150 petit.
1106 4985 1271 5107 Haec
1293 4980 1496 5126 oculis,
1521 4980 1666 5109 haec
1689 5014 1927 5155 pectore
1951 5015 2084 5111 toto
2232 4998 2236 5007 ’

583 5238 831 5361 Haeret:
873 5267 933 5361 et
955 5233 1249 5362 interdum
1272 5231 1491 5409 gremio
1515 5237 1692 5383 foret,
1720 5239 1896 5367 inscia
1917 5238 2087 5367 Dido

582 5488 798 5616 Infidat
820 5524 1074 5659 quantus
1096 5493 1329 5622 miserae
1355 5500 1539 5624 Deus,
1586 5504 1681 5624 At
1703 5504 1932 5623 memor
1951 5494 2048 5623 ille

532 5883 536 5889 ,
580 5748 787 5873 Matris
811 5746 1134 5895 Acidaliae,
1162 5748 1465 5923 paullatim
1488 5751 1717 5880 abolere
1743 5752 2077 5929 Sychaeum

579 6004 810 6175 Incipit,
840 6038 899 6131 et
921 6006 1055 6132 vivo
1078 6036 1271 6134 tentat
1288 6043 1647 6181 praevertere
1668 6054 1867 6135 amore

574 6265 717 6427 Jam
741 6259 969 6432 pridem
992 6261 1201 6391 resides
1223 6265 1445 6394 annuos
1469 6265 1824 6436 desuetaque.
1843 6266 2038 6396 corda.

581 6519 1109 6693 Postquamstprima
1131 6523 1294 6693 quies
1313 6523 1515 6696 epulis,
1543 6527 1890 6693 mensaeque
1911 6557 2194 6681 remotae3

581 6776 845 6905 Crateras
868 6825 1111 6951 magnos
1132 6784 1407 6926 statuunt,
1438 6813 1499 6910 ct
1519 6783 1659 6913 vina
1677 6782 1978 6911 coronant.
